<?xml version="1.0" encoding="UTF-8"?>
<!DOCTYPE html PUBLIC "-//W3C//DTD XHTML 1.0 Transitional//EN"
    "http://www.w3.org/TR/xhtml1/DTD/xhtml1-transitional.dtd">
<html xmlns="http://www.w3.org/1999/xhtml" xml:lang="en" lang="en">
 <head>
  <title>
</title>
<meta http-equiv="Content-Type" content="text/html;charset=utf-8" />
  <meta name='ocr-system' content='tesseract 3.04.00' />
  <meta name='ocr-capabilities' content='ocr_page ocr_carea ocr_par ocr_line ocrx_word'/>
</head>
<body>
  <div class='ocr_page' id='page_1' title='image "./ritusbenedictio00churgoog_0124.png"; bbox 0 0 3090 5094; ppageno 0'>
   <div class='ocr_carea' id='block_1_1' title="bbox 542 362 1029 428">
    <p class='ocr_par' dir='ltr' id='par_1_1' title="bbox 542 362 1029 428">
     <span class='ocr_line' id='line_1_1' title="bbox 542 362 1029 428; baseline 0.008 -5"><span class='ocrx_word' id='word_1_1' title='bbox 542 362 587 423; x_wconf 86' lang='lat' dir='ltr'><strong>lle</strong></span> <span class='ocrx_word' id='word_1_2' title='bbox 611 362 736 425; x_wconf 66' lang='lat' dir='ltr'><strong>ditaris</strong></span> <span class='ocrx_word' id='word_1_3' title='bbox 761 364 1029 428; x_wconf 66' lang='lat' dir='ltr'><strong>(lousecrutiuue.</strong></span> 
     </span>
    </p>
   </div>
   <div class='ocr_carea' id='block_1_2' title="bbox 690 529 885 616">
    <p class='ocr_par' dir='ltr' id='par_1_2' title="bbox 690 529 885 616">
     <span class='ocr_line' id='line_1_2' title="bbox 690 529 885 616; baseline 0.036 -9"><span class='ocrx_word' id='word_1_4' title='bbox 690 529 885 616; x_wconf 71' lang='lat' dir='ltr'><strong>(iremus.</strong></span> 
     </span>
    </p>
   </div>
   <div class='ocr_carea' id='block_1_3' title="bbox 81 618 1435 1480">
    <p class='ocr_par' dir='ltr' id='par_1_3' title="bbox 81 618 1435 1480">
     <span class='ocr_line' id='line_1_3' title="bbox 81 618 1433 813; baseline 0.004 -88"><span class='ocrx_word' id='word_1_5' title='bbox 81 618 352 813; x_wconf 64' lang='lat' dir='ltr'><strong>Domine</strong></span> <span class='ocrx_word' id='word_1_6' title='bbox 371 643 492 726; x_wconf 90' lang='lat' dir='ltr'><strong>Deus</strong></span> <span class='ocrx_word' id='word_1_7' title='bbox 512 648 803 750; x_wconf 89' lang='lat' dir='ltr'><strong>omnipotens,</strong></span> <span class='ocrx_word' id='word_1_8' title='bbox 828 646 898 728; x_wconf 93' lang='lat' dir='ltr'><strong>cui</strong></span> <span class='ocrx_word' id='word_1_9' title='bbox 922 647 1088 729; x_wconf 84' lang='lat' dir='ltr'><strong>assistit</strong></span> <span class='ocrx_word' id='word_1_10' title='bbox 1107 646 1328 729; x_wconf 86' lang='lat' dir='ltr'><strong>exercitus</strong></span> <span class='ocrx_word' id='word_1_11' title='bbox 1345 648 1433 730; x_wconf 87' lang='lat' dir='ltr'><strong>An·</strong></span> 
     </span>
     <span class='ocr_line' id='line_1_4' title="bbox 226 745 1434 856; baseline 0.004 -27"><span class='ocrx_word' id='word_1_12' title='bbox 226 745 428 848; x_wconf 84' lang='lat' dir='ltr'><strong>gelorum</strong></span> <span class='ocrx_word' id='word_1_13' title='bbox 452 772 554 829; x_wconf 92' lang='lat' dir='ltr'><strong>cum</strong></span> <span class='ocrx_word' id='word_1_14' title='bbox 575 752 780 848; x_wconf 81' lang='lat' dir='ltr'><strong>tremore,</strong></span> <span class='ocrx_word' id='word_1_15' title='bbox 805 772 993 852; x_wconf 93' lang='lat' dir='ltr'><strong>quorum</strong></span> <span class='ocrx_word' id='word_1_16' title='bbox 1012 750 1240 832; x_wconf 88' lang='lat' dir='ltr'><strong>servitium</strong></span> <span class='ocrx_word' id='word_1_17' title='bbox 1259 751 1434 856; x_wconf 91' lang='lat' dir='ltr'><strong>spiritu·</strong></span> 
     </span>
     <span class='ocr_line' id='line_1_5' title="bbox 102 840 1435 1036; baseline 0.01 -110"><span class='ocrx_word' id='word_1_18' title='bbox 102 840 206 929; x_wconf 75' lang='lat' dir='ltr'><strong>ale</strong></span> <span class='ocrx_word' id='word_1_19' title='bbox 237 857 284 932; x_wconf 90' lang='lat' dir='ltr'><strong>et</strong></span> <span class='ocrx_word' id='word_1_20' title='bbox 314 853 492 1036; x_wconf 44' lang='lat' dir='ltr'><strong>igneum</strong></span> <span class='ocrx_word' id='word_1_21' title='bbox 524 874 620 934; x_wconf 89' lang='lat' dir='ltr'><strong>esse</strong></span> <span class='ocrx_word' id='word_1_22' title='bbox 654 852 953 954; x_wconf 82' lang='lat' dir='ltr'><strong>cognoscitur,</strong></span> <span class='ocrx_word' id='word_1_23' title='bbox 988 851 1170 954; x_wconf 76' lang='lat' dir='ltr'><strong>dignere</strong></span> <span class='ocrx_word' id='word_1_24' title='bbox 1203 859 1435 959; x_wconf 82' lang='lat' dir='ltr'><strong>respicere,</strong></span> 
     </span>
     <span class='ocr_line' id='line_1_6' title="bbox 104 940 1434 1054; baseline 0.011 -27"><span class='ocrx_word' id='word_1_25' title='bbox 104 940 251 1035; x_wconf 88' lang='lat' dir='ltr'><strong>bene</strong></span> <span class='ocrx_word' id='word_1_26' title='bbox 269 958 309 1035; x_wconf 70' lang='lat' dir='ltr'><strong>›l‹</strong></span> <span class='ocrx_word' id='word_1_27' title='bbox 363 958 486 1054; x_wconf 73' lang='lat' dir='ltr'><strong>cere,</strong></span> <span class='ocrx_word' id='word_1_28' title='bbox 511 964 555 1036; x_wconf 90' lang='lat' dir='ltr'><strong>et</strong></span> <span class='ocrx_word' id='word_1_29' title='bbox 580 956 721 1038; x_wconf 88' lang='lat' dir='ltr'><strong>sancti</strong></span> <span class='ocrx_word' id='word_1_30' title='bbox 747 962 785 1035; x_wconf 73' lang='lat' dir='ltr'><strong>›l‹</strong></span> <span class='ocrx_word' id='word_1_31' title='bbox 809 956 942 1038; x_wconf 74' lang='lat' dir='ltr'><strong>ficere</strong></span> <span class='ocrx_word' id='word_1_32' title='bbox 964 954 1078 1038; x_wconf 91' lang='lat' dir='ltr'><strong>hanc</strong></span> <span class='ocrx_word' id='word_1_33' title='bbox 1102 962 1351 1039; x_wconf 83' lang='lat' dir='ltr'><strong>creaturam</strong></span> <span class='ocrx_word' id='word_1_34' title='bbox 1374 959 1434 1040; x_wconf 93' lang='lat' dir='ltr'><strong>in·</strong></span> 
     </span>
     <span class='ocr_line' id='line_1_7' title="bbox 110 1052 1435 1245; baseline 0.009 -112"><span class='ocrx_word' id='word_1_35' title='bbox 110 1052 325 1169; x_wconf 67' lang='lat' dir='ltr'><strong>censiut</strong></span> <span class='ocrx_word' id='word_1_36' title='bbox 335 1081 489 1140; x_wconf 88' lang='lat' dir='ltr'><strong>omnes</strong></span> <span class='ocrx_word' id='word_1_37' title='bbox 499 1056 744 1245; x_wconf 45' lang='lat' dir='ltr'><strong>lanffuores,</strong></span> <span class='ocrx_word' id='word_1_38' title='bbox 753 1061 994 1163; x_wconf 89' lang='lat' dir='ltr'><strong>omnesque</strong></span> <span class='ocrx_word' id='word_1_39' title='bbox 1004 1059 1435 1165; x_wconf 74' lang='lat' dir='ltr'><strong>infirmitatesatquc</strong></span> 
     </span>
     <span class='ocr_line' id='line_1_8' title="bbox 110 1157 1435 1268; baseline 0.011 -35"><span class='ocrx_word' id='word_1_40' title='bbox 110 1157 311 1243; x_wconf 85' lang='lat' dir='ltr'><strong>msidiae</strong></span> <span class='ocrx_word' id='word_1_41' title='bbox 338 1160 503 1243; x_wconf 89' lang='lat' dir='ltr'><strong>inimici</strong></span> <span class='ocrx_word' id='word_1_42' title='bbox 532 1186 559 1243; x_wconf 94' lang='lat'>0</span> <span class='ocrx_word' id='word_1_43' title='bbox 594 1166 717 1244; x_wconf 86' lang='lat' dir='ltr'><strong>orem</strong></span> <span class='ocrx_word' id='word_1_44' title='bbox 746 1165 837 1268; x_wconf 90' lang='lat' dir='ltr'><strong>ejus</strong></span> <span class='ocrx_word' id='word_1_45' title='bbox 864 1163 1105 1247; x_wconf 72' lang='lat' dir='ltr'><strong>sentientes</strong></span> <span class='ocrx_word' id='word_1_46' title='bbox 1133 1160 1358 1264; x_wconf 84' lang='lat' dir='ltr'><strong>effugiant,</strong></span> <span class='ocrx_word' id='word_1_47' title='bbox 1391 1176 1435 1248; x_wconf 93' lang='lat' dir='ltr'><strong>et</strong></span> 
     </span>
     <span class='ocr_line' id='line_1_9' title="bbox 113 1263 1435 1451; baseline 0.01 -114"><span class='ocrx_word' id='word_1_48' title='bbox 113 1266 399 1369; x_wconf 75' lang='lat' dir='ltr'><strong>separentur</strong></span> <span class='ocrx_word' id='word_1_49' title='bbox 432 1288 458 1345; x_wconf 89' lang='lat' dir='ltr'><strong>a</strong></span> <span class='ocrx_word' id='word_1_50' title='bbox 489 1263 706 1370; x_wconf 80' lang='lat' dir='ltr'><strong>plasmate</strong></span> <span class='ocrx_word' id='word_1_51' title='bbox 733 1273 828 1367; x_wconf 95' lang='lat' dir='ltr'><strong>tuo,</strong></span> <span class='ocrx_word' id='word_1_52' title='bbox 861 1264 982 1370; x_wconf 92' lang='lat' dir='ltr'><strong>quod</strong></span> <span class='ocrx_word' id='word_1_53' title='bbox 1013 1267 1214 1451; x_wconf 75' lang='lat' dir='ltr'><strong>pretioso</strong></span> <span class='ocrx_word' id='word_1_54' title='bbox 1242 1265 1342 1349; x_wconf 88' lang='lat' dir='ltr'><strong>Filii</strong></span> <span class='ocrx_word' id='word_1_55' title='bbox 1370 1270 1435 1350; x_wconf 92' lang='lat' dir='ltr'><strong>tui</strong></span> 
     </span>
     <span class='ocr_line' id='line_1_10' title="bbox 113 1356 1434 1480; baseline 0.005 -33"><span class='ocrx_word' id='word_1_56' title='bbox 113 1356 357 1480; x_wconf 67' lang='lat' dir='ltr'><strong>Sanguine</strong></span> <span class='ocrx_word' id='word_1_57' title='bbox 385 1366 627 1468; x_wconf 87' lang='lat' dir='ltr'><strong>redemisti,</strong></span> <span class='ocrx_word' id='word_1_58' title='bbox 660 1379 709 1452; x_wconf 93' lang='lat' dir='ltr'><strong>ut</strong></span> <span class='ocrx_word' id='word_1_59' title='bbox 742 1394 982 1474; x_wconf 83' lang='lat' dir='ltr'><strong>numquam</strong></span> <span class='ocrx_word' id='word_1_60' title='bbox 1031 1368 1202 1453; x_wconf 79' lang='lat' dir='ltr'><strong>aedatur</strong></span> <span class='ocrx_word' id='word_1_61' title='bbox 1230 1395 1256 1452; x_wconf 91' lang='lat' dir='ltr'><strong>a</strong></span> <span class='ocrx_word' id='word_1_62' title='bbox 1283 1397 1434 1454; x_wconf 94' lang='lat' dir='ltr'><strong>morsu</strong></span> 
     </span>
    </p>
   </div>
   <div class='ocr_carea' id='block_1_4' title="bbox 114 1469 1434 1683">
    <p class='ocr_par' dir='ltr' id='par_1_4' title="bbox 114 1469 1434 1683">
     <span class='ocr_line' id='line_1_11' title="bbox 114 1469 1434 1576; baseline 0.005 -25"><span class='ocrx_word' id='word_1_63' title='bbox 114 1469 276 1574; x_wconf 86' lang='lat' dir='ltr'><strong>miqui</strong></span> <span class='ocrx_word' id='word_1_64' title='bbox 307 1472 538 1576; x_wconf 89' lang='lat' dir='ltr'><strong>serpentis.</strong></span> <span class='ocrx_word' id='word_1_65' title='bbox 586 1471 672 1555; x_wconf 92' lang='lat' dir='ltr'><strong>Per</strong></span> <span class='ocrx_word' id='word_1_66' title='bbox 706 1472 910 1557; x_wconf 84' lang='lat' dir='ltr'><strong>eumdem</strong></span> <span class='ocrx_word' id='word_1_67' title='bbox 938 1472 1162 1557; x_wconf 86' lang='lat' dir='ltr'><strong>Christum</strong></span> <span class='ocrx_word' id='word_1_68' title='bbox 1194 1475 1434 1558; x_wconf 82' lang='lat' dir='ltr'><strong>Dominum</strong></span> 
     </span>
     <span class='ocr_line' id='line_1_12' title="bbox 115 1574 624 1683; baseline 0.014 -33"><span class='ocrx_word' id='word_1_69' title='bbox 115 1582 348 1657; x_wconf 85' lang='lat' dir='ltr'><strong>nostrum.</strong></span> <span class='ocrx_word' id='word_1_70' title='bbox 396 1582 447 1683; x_wconf 66' lang='lat' dir='ltr'><strong>lq.</strong></span> <span class='ocrx_word' id='word_1_71' title='bbox 470 1574 624 1658; x_wconf 87' lang='lat' dir='ltr'><strong>Amen.</strong></span> 
     </span>
    </p>
   </div>
   <div class='ocr_carea' id='block_1_5' title="bbox 118 1716 1473 2661">
    <p class='ocr_par' dir='ltr' id='par_1_5' title="bbox 118 1716 1473 2661">
     <span class='ocr_line' id='line_1_13' title="bbox 216 1716 1430 1798; baseline -0.003 -19"><span class='ocrx_word' id='word_1_72' title='bbox 216 1716 344 1779; x_wconf 80' lang='lat' dir='ltr'><strong>Deinde</strong></span> <span class='ocrx_word' id='word_1_73' title='bbox 368 1720 513 1797; x_wconf 52' lang='lat' dir='ltr'><strong>aspersit</strong></span> <span class='ocrx_word' id='word_1_74' title='bbox 538 1720 647 1798; x_wconf 87' lang='lat' dir='ltr'><strong>ipsum</strong></span> <span class='ocrx_word' id='word_1_75' title='bbox 672 1740 754 1797; x_wconf 79' lang='lat' dir='ltr'><strong>aquo</strong></span> <span class='ocrx_word' id='word_1_76' title='bbox 782 1720 966 1781; x_wconf 77' lang='lat' dir='ltr'><strong>benedictn.</strong></span> <span class='ocrx_word' id='word_1_77' title='bbox 997 1728 1027 1779; x_wconf 86' lang='lat' dir='ltr'><strong>et</strong></span> <span class='ocrx_word' id='word_1_78' title='bbox 1057 1728 1192 1795; x_wconf 86' lang='lat' dir='ltr'><strong>acceptu</strong></span> <span class='ocrx_word' id='word_1_79' title='bbox 1225 1717 1334 1777; x_wconf 86' lang='lat' dir='ltr'><strong>mitra.</strong></span> <span class='ocrx_word' id='word_1_80' title='bbox 1367 1716 1430 1775; x_wconf 84' lang='lat' dir='ltr'><strong>tiu·-</strong></span> 
     </span>
     <span class='ocr_line' id='line_1_14' title="bbox 118 1810 1473 1901; baseline -0.001 -28"><span class='ocrx_word' id='word_1_81' title='bbox 118 1820 209 1873; x_wconf 81' lang='lat' dir='ltr'><strong>mat</strong></span> <span class='ocrx_word' id='word_1_82' title='bbox 233 1816 368 1894; x_wconf 86' lang='lat' dir='ltr'><strong>propria</strong></span> <span class='ocrx_word' id='word_1_83' title='bbox 399 1832 494 1875; x_wconf 86' lang='lat' dir='ltr'><strong>uranu</strong></span> <span class='ocrx_word' id='word_1_84' title='bbox 525 1832 564 1875; x_wconf 83' lang='lat' dir='ltr'><strong>cs</strong></span> <span class='ocrx_word' id='word_1_85' title='bbox 596 1816 670 1895; x_wconf 85' lang='lat' dir='ltr'><strong>ipso</strong></span> <span class='ocrx_word' id='word_1_86' title='bbox 695 1817 830 1877; x_wconf 87' lang='lat' dir='ltr'><strong>incenso</strong></span> <span class='ocrx_word' id='word_1_87' title='bbox 859 1816 1001 1893; x_wconf 86' lang='lat' dir='ltr'><strong>quinque</strong></span> <span class='ocrx_word' id='word_1_88' title='bbox 1027 1830 1158 1873; x_wconf 88' lang='lat' dir='ltr'><strong>eruces.</strong></span> <span class='ocrx_word' id='word_1_89' title='bbox 1188 1810 1367 1889; x_wconf 76' lang='lat' dir='ltr'><strong>quamlibet</strong></span> <span class='ocrx_word' id='word_1_90' title='bbox 1392 1812 1432 1871; x_wconf 89' lang='lat' dir='ltr'><strong>de</strong></span> <span class='ocrx_word' id='word_1_91' title='bbox 1468 1882 1473 1901; x_wconf 92' lang='lat'><strong>.</strong></span> 
     </span>
     <span class='ocr_line' id='line_1_15' title="bbox 118 1904 1473 1989; baseline -0.001 -22"><span class='ocrx_word' id='word_1_92' title='bbox 118 1906 282 1988; x_wconf 84' lang='lat' dir='ltr'><strong>quinque</strong></span> <span class='ocrx_word' id='word_1_93' title='bbox 305 1910 437 1989; x_wconf 74' lang='lat' dir='ltr'><strong>granis,</strong></span> <span class='ocrx_word' id='word_1_94' title='bbox 471 1928 571 1989; x_wconf 87' lang='lat' dir='ltr'><strong>super</strong></span> <span class='ocrx_word' id='word_1_95' title='bbox 595 1912 648 1971; x_wconf 88' lang='lat' dir='ltr'><strong>illu</strong></span> <span class='ocrx_word' id='word_1_96' title='bbox 676 1914 819 1989; x_wconf 84' lang='lat' dir='ltr'><strong>quinque</strong></span> <span class='ocrx_word' id='word_1_97' title='bbox 846 1912 917 1971; x_wconf 84' lang='lat' dir='ltr'><strong>lucu</strong></span> <span class='ocrx_word' id='word_1_98' title='bbox 942 1909 1074 1973; x_wconf 70' lang='lat' dir='ltr'><strong>ulteris,</strong></span> <span class='ocrx_word' id='word_1_99' title='bbox 1108 1908 1139 1967; x_wconf 90' lang='lat' dir='ltr'><strong>in</strong></span> <span class='ocrx_word' id='word_1_100' title='bbox 1167 1904 1286 1983; x_wconf 88' lang='lat' dir='ltr'><strong>quibus</strong></span> <span class='ocrx_word' id='word_1_101' title='bbox 1316 1924 1432 1967; x_wconf 85' lang='lat' dir='ltr'><strong>cruces</strong></span> <span class='ocrx_word' id='word_1_102' title='bbox 1467 1904 1473 1957; x_wconf 76' lang='lat' dir='ltr'><strong>i</strong></span> 
     </span>
     <span class='ocr_line' id='line_1_16' title="bbox 119 1994 1430 2085; baseline -0.002 -21"><span class='ocrx_word' id='word_1_103' title='bbox 119 1994 177 2059; x_wconf 78' lang='lat' dir='ltr'><strong>de</strong></span> <span class='ocrx_word' id='word_1_104' title='bbox 209 2020 289 2083; x_wconf 88' lang='lat' dir='ltr'><strong>aqua</strong></span> <span class='ocrx_word' id='word_1_105' title='bbox 311 2016 343 2067; x_wconf 87' lang='lat' dir='ltr'><strong>et</strong></span> <span class='ocrx_word' id='word_1_106' title='bbox 366 2006 442 2067; x_wconf 89' lang='lat' dir='ltr'><strong>oleo</strong></span> <span class='ocrx_word' id='word_1_107' title='bbox 466 2023 505 2067; x_wconf 88' lang='lat' dir='ltr'><strong>ttc</strong></span> <span class='ocrx_word' id='word_1_108' title='bbox 528 2006 714 2068; x_wconf 66' lang='lat' dir='ltr'><strong>tllrrisurute</strong></span> <span class='ocrx_word' id='word_1_109' title='bbox 741 2006 835 2068; x_wconf 76' lang='lat' dir='ltr'><strong>l&#39;uette</strong></span> <span class='ocrx_word' id='word_1_110' title='bbox 860 2008 952 2085; x_wconf 84' lang='lat' dir='ltr'><strong>prius</strong></span> <span class='ocrx_word' id='word_1_111' title='bbox 977 2004 1118 2081; x_wconf 74' lang='lat' dir='ltr'><strong>l&#39;ueruut,</strong></span> <span class='ocrx_word' id='word_1_112' title='bbox 1142 2010 1173 2061; x_wconf 86' lang='lat' dir='ltr'><strong>et</strong></span> <span class='ocrx_word' id='word_1_113' title='bbox 1198 2020 1297 2080; x_wconf 84' lang='lat' dir='ltr'><strong>super</strong></span> <span class='ocrx_word' id='word_1_114' title='bbox 1319 2020 1430 2079; x_wconf 66' lang='lat' dir='ltr'><strong>querut—</strong></span> 
     </span>
     <span class='ocr_line' id='line_1_17' title="bbox 118 2088 1432 2181; baseline 0.001 -26"><span class='ocrx_word' id='word_1_115' title='bbox 118 2088 221 2159; x_wconf 79' lang='lat' dir='ltr'><strong>libet</strong></span> <span class='ocrx_word' id='word_1_116' title='bbox 241 2118 371 2163; x_wconf 86' lang='lat' dir='ltr'><strong>crttcem</strong></span> <span class='ocrx_word' id='word_1_117' title='bbox 397 2100 502 2163; x_wconf 87' lang='lat' dir='ltr'><strong>thuris</strong></span> <span class='ocrx_word' id='word_1_118' title='bbox 530 2103 622 2181; x_wconf 91' lang='lat' dir='ltr'><strong>pouit</strong></span> <span class='ocrx_word' id='word_1_119' title='bbox 652 2122 747 2163; x_wconf 80' lang='lat' dir='ltr'><strong>unum</strong></span> <span class='ocrx_word' id='word_1_120' title='bbox 773 2120 904 2163; x_wconf 87' lang='lat' dir='ltr'><strong>crucem</strong></span> <span class='ocrx_word' id='word_1_121' title='bbox 929 2100 1049 2161; x_wconf 85' lang='lat' dir='ltr'><strong>luctum</strong></span> <span class='ocrx_word' id='word_1_122' title='bbox 1079 2098 1118 2157; x_wconf 88' lang='lat' dir='ltr'><strong>de</strong></span> <span class='ocrx_word' id='word_1_123' title='bbox 1146 2096 1255 2157; x_wconf 88' lang='lat' dir='ltr'><strong>subtili</strong></span> <span class='ocrx_word' id='word_1_124' title='bbox 1284 2096 1432 2175; x_wconf 81' lang='lat' dir='ltr'><strong>candela,</strong></span> 
     </span>
     <span class='ocr_line' id='line_1_18' title="bbox 121 2186 1432 2279; baseline -0.002 -24"><span class='ocrx_word' id='word_1_125' title='bbox 121 2186 185 2249; x_wconf 68' lang='lat' dir='ltr'><strong>ad</strong></span> <span class='ocrx_word' id='word_1_126' title='bbox 213 2210 397 2259; x_wconf 84' lang='lat' dir='ltr'><strong>mensuram</strong></span> <span class='ocrx_word' id='word_1_127' title='bbox 425 2198 534 2259; x_wconf 86' lang='lat' dir='ltr'><strong>crucis</strong></span> <span class='ocrx_word' id='word_1_128' title='bbox 565 2198 604 2257; x_wconf 90' lang='lat' dir='ltr'><strong>de</strong></span> <span class='ocrx_word' id='word_1_129' title='bbox 627 2199 739 2279; x_wconf 70' lang='lat' dir='ltr'><strong>grauis</strong></span> <span class='ocrx_word' id='word_1_130' title='bbox 764 2200 887 2259; x_wconf 76' lang='lat' dir='ltr'><strong>incensi</strong></span> <span class='ocrx_word' id='word_1_131' title='bbox 912 2196 1027 2258; x_wconf 77' lang='lat' dir='ltr'><strong>t&#39;uette.</strong></span> <span class='ocrx_word' id='word_1_132' title='bbox 1058 2204 1088 2255; x_wconf 87' lang='lat' dir='ltr'><strong>ct</strong></span> <span class='ocrx_word' id='word_1_133' title='bbox 1118 2192 1293 2271; x_wconf 82' lang='lat' dir='ltr'><strong>ctrjuslibet</strong></span> <span class='ocrx_word' id='word_1_134' title='bbox 1323 2194 1432 2253; x_wconf 87' lang='lat' dir='ltr'><strong>crucis</strong></span> 
     </span>
     <span class='ocr_line' id='line_1_19' title="bbox 121 2288 1432 2374; baseline -0.001 -24"><span class='ocrx_word' id='word_1_135' title='bbox 121 2288 248 2365; x_wconf 73' lang='lat' dir='ltr'><strong>capita</strong></span> <span class='ocrx_word' id='word_1_136' title='bbox 275 2292 518 2373; x_wconf 72' lang='lat' dir='ltr'><strong>accenduntur,</strong></span> <span class='ocrx_word' id='word_1_137' title='bbox 553 2308 587 2355; x_wconf 92' lang='lat' dir='ltr'><strong>ut</strong></span> <span class='ocrx_word' id='word_1_138' title='bbox 616 2312 691 2355; x_wconf 87' lang='lat' dir='ltr'><strong>curu</strong></span> <span class='ocrx_word' id='word_1_139' title='bbox 722 2294 803 2374; x_wconf 87' lang='lat' dir='ltr'><strong>ipsis</strong></span> <span class='ocrx_word' id='word_1_140' title='bbox 833 2294 909 2355; x_wconf 83' lang='lat' dir='ltr'><strong>titus</strong></span> <span class='ocrx_word' id='word_1_141' title='bbox 934 2290 1162 2353; x_wconf 86' lang='lat' dir='ltr'><strong>comburatur.</strong></span> <span class='ocrx_word' id='word_1_142' title='bbox 1196 2296 1226 2349; x_wconf 88' lang='lat' dir='ltr'><strong>et</strong></span> <span class='ocrx_word' id='word_1_143' title='bbox 1259 2297 1432 2349; x_wconf 74' lang='lat' dir='ltr'><strong>cremetur.</strong></span> 
     </span>
     <span class='ocr_line' id='line_1_20' title="bbox 122 2369 1432 2465; baseline -0.002 -20"><span class='ocrx_word' id='word_1_144' title='bbox 122 2369 302 2449; x_wconf 78' lang='lat' dir='ltr'><strong>Omnibus</strong></span> <span class='ocrx_word' id='word_1_145' title='bbox 326 2396 435 2449; x_wconf 85' lang='lat' dir='ltr'><strong>autem</strong></span> <span class='ocrx_word' id='word_1_146' title='bbox 461 2388 615 2450; x_wconf 87' lang='lat' dir='ltr'><strong>crucibus</strong></span> <span class='ocrx_word' id='word_1_147' title='bbox 640 2390 804 2455; x_wconf 78' lang='lat' dir='ltr'><strong>accensis,</strong></span> <span class='ocrx_word' id='word_1_148' title='bbox 828 2386 999 2451; x_wconf 78' lang='lat' dir='ltr'><strong>Pontifex.</strong></span> <span class='ocrx_word' id='word_1_149' title='bbox 1024 2386 1175 2465; x_wconf 82' lang='lat' dir='ltr'><strong>deposita</strong></span> <span class='ocrx_word' id='word_1_150' title='bbox 1201 2384 1309 2443; x_wconf 89' lang='lat' dir='ltr'><strong>ruitru.</strong></span> <span class='ocrx_word' id='word_1_151' title='bbox 1334 2382 1432 2445; x_wconf 79' lang='lat' dir='ltr'><strong>flexis</strong></span> 
     </span>
     <span class='ocr_line' id='line_1_21' title="bbox 123 2476 1432 2565; baseline -0.005 -21"><span class='ocrx_word' id='word_1_152' title='bbox 123 2482 253 2543; x_wconf 75' lang='lat' dir='ltr'><strong>eoram</strong></span> <span class='ocrx_word' id='word_1_153' title='bbox 272 2484 369 2545; x_wconf 81' lang='lat' dir='ltr'><strong>altari</strong></span> <span class='ocrx_word' id='word_1_154' title='bbox 391 2483 542 2565; x_wconf 81' lang='lat' dir='ltr'><strong>genibus,</strong></span> <span class='ocrx_word' id='word_1_155' title='bbox 567 2484 710 2549; x_wconf 70' lang='lat' dir='ltr'><strong>inchoat,</strong></span> <span class='ocrx_word' id='word_1_156' title='bbox 734 2484 849 2546; x_wconf 81' lang='lat' dir='ltr'><strong>seuutu</strong></span> <span class='ocrx_word' id='word_1_157' title='bbox 875 2504 932 2545; x_wconf 90' lang='lat' dir='ltr'><strong>seu</strong></span> <span class='ocrx_word' id='word_1_158' title='bbox 960 2482 1116 2541; x_wconf 83' lang='lat' dir='ltr'><strong>uriuistris</strong></span> <span class='ocrx_word' id='word_1_159' title='bbox 1142 2476 1432 2559; x_wconf 72' lang='lat' dir='ltr'><strong>prosequentibus:</strong></span> 
     </span>
     <span class='ocr_line' id='line_1_22' title="bbox 124 2574 521 2661; baseline 0.018 -27"><span class='ocrx_word' id='word_1_160' title='bbox 124 2574 221 2635; x_wconf 65' lang='lat' dir='ltr'><strong>Cum</strong></span> <span class='ocrx_word' id='word_1_161' title='bbox 240 2587 346 2660; x_wconf 73' lang='lat' dir='ltr'><strong>cautu,</strong></span> <span class='ocrx_word' id='word_1_162' title='bbox 369 2596 445 2661; x_wconf 80' lang='lat' dir='ltr'><strong>pag.</strong></span> <span class='ocrx_word' id='word_1_163' title='bbox 469 2576 521 2643; x_wconf 80' lang='grc'><strong>76.</strong></span> 
     </span>
    </p>
   </div>
   <div class='ocr_carea' id='block_1_6' title="bbox 123 2676 1432 2895">
    <p class='ocr_par' dir='ltr' id='par_1_6' title="bbox 123 2676 1432 2895">
     <span class='ocr_line' id='line_1_23' title="bbox 221 2676 1432 2794; baseline 0.002 -25"><span class='ocrx_word' id='word_1_164' title='bbox 221 2684 412 2793; x_wconf 85' lang='lat' dir='ltr'><strong>Allelrija.</strong></span> <span class='ocrx_word' id='word_1_165' title='bbox 457 2676 508 2781; x_wconf 72' lang='lat' dir='ltr'><strong>l&#39;.</strong></span> <span class='ocrx_word' id='word_1_166' title='bbox 543 2686 661 2773; x_wconf 87' lang='lat' dir='ltr'><strong>Veni</strong></span> <span class='ocrx_word' id='word_1_167' title='bbox 688 2696 839 2771; x_wconf 89' lang='lat' dir='ltr'><strong>sancte</strong></span> <span class='ocrx_word' id='word_1_168' title='bbox 866 2686 1074 2794; x_wconf 88' lang='lat' dir='ltr'><strong>Spiritus,</strong></span> <span class='ocrx_word' id='word_1_169' title='bbox 1105 2686 1226 2794; x_wconf 90' lang='lat' dir='ltr'><strong>reple</strong></span> <span class='ocrx_word' id='word_1_170' title='bbox 1253 2691 1432 2772; x_wconf 81' lang='lat' dir='ltr'><strong>tuerum</strong></span> 
     </span>
     <span class='ocr_line' id='line_1_24' title="bbox 123 2786 1362 2895; baseline 0.005 -27"><span class='ocrx_word' id='word_1_171' title='bbox 123 2786 276 2874; x_wconf 83' lang='lat' dir='ltr'><strong>corda</strong></span> <span class='ocrx_word' id='word_1_172' title='bbox 290 2788 500 2895; x_wconf 89' lang='lat' dir='ltr'><strong>fidelium,</strong></span> <span class='ocrx_word' id='word_1_173' title='bbox 518 2801 563 2877; x_wconf 88' lang='lat' dir='ltr'><strong>et</strong></span> <span class='ocrx_word' id='word_1_174' title='bbox 579 2791 645 2875; x_wconf 91' lang='lat' dir='ltr'><strong>tui</strong></span> <span class='ocrx_word' id='word_1_175' title='bbox 664 2791 827 2873; x_wconf 82' lang='lat' dir='ltr'><strong>amoris</strong></span> <span class='ocrx_word' id='word_1_176' title='bbox 846 2791 891 2873; x_wconf 93' lang='lat' dir='ltr'><strong>in</strong></span> <span class='ocrx_word' id='word_1_177' title='bbox 910 2791 974 2875; x_wconf 90' lang='lat' dir='ltr'><strong>eis</strong></span> <span class='ocrx_word' id='word_1_178' title='bbox 992 2790 1139 2893; x_wconf 86' lang='lat' dir='ltr'><strong>ignem</strong></span> <span class='ocrx_word' id='word_1_179' title='bbox 1157 2791 1362 2877; x_wconf 75' lang='lat' dir='ltr'><strong>accende.</strong></span> 
     </span>
    </p>
   </div>
   <div class='ocr_carea' id='block_1_7' title="bbox 116 2918 1431 3393">
    <p class='ocr_par' dir='ltr' id='par_1_7' title="bbox 116 2918 1431 3393">
     <span class='ocr_line' id='line_1_25' title="bbox 157 2918 1427 3015; baseline -0.002 -29"><span class='ocrx_word' id='word_1_180' title='bbox 157 3002 167 3015; x_wconf 43' lang='grc'><em>·</em></span> <span class='ocrx_word' id='word_1_181' title='bbox 220 2922 288 2989; x_wconf 87' lang='lat' dir='ltr'><strong>Nisi</strong></span> <span class='ocrx_word' id='word_1_182' title='bbox 315 2924 533 2991; x_wconf 70' lang='lat' dir='ltr'><strong>Consecratur</strong></span> <span class='ocrx_word' id='word_1_183' title='bbox 562 2928 754 3009; x_wconf 87' lang='lat' dir='ltr'><strong>hujusmodi</strong></span> <span class='ocrx_word' id='word_1_184' title='bbox 783 2925 875 2989; x_wconf 85' lang='lat' dir='ltr'><strong>lieret</strong></span> <span class='ocrx_word' id='word_1_185' title='bbox 902 2927 986 2987; x_wconf 86' lang='lat' dir='ltr'><strong>inter</strong></span> <span class='ocrx_word' id='word_1_186' title='bbox 1013 2922 1223 2984; x_wconf 82' lang='lat' dir='ltr'><strong>Dominicaru</strong></span> <span class='ocrx_word' id='word_1_187' title='bbox 1251 2918 1427 3003; x_wconf 71' lang='lat' dir='ltr'><strong>Septuuge-</strong></span> 
     </span>
     <span class='ocr_line' id='line_1_26' title="bbox 128 3012 1430 3102; baseline -0.002 -22"><span class='ocrx_word' id='word_1_188' title='bbox 128 3012 242 3102; x_wconf 68' lang='lat' dir='ltr'><strong>8er</strong></span> <span class='ocrx_word' id='word_1_189' title='bbox 264 3030 295 3083; x_wconf 93' lang='lat' dir='ltr'><strong>et</strong></span> <span class='ocrx_word' id='word_1_190' title='bbox 314 3022 453 3085; x_wconf 86' lang='lat' dir='ltr'><strong>Festum</strong></span> <span class='ocrx_word' id='word_1_191' title='bbox 475 3023 615 3085; x_wconf 63' lang='lat' dir='ltr'><strong>Paschae</strong></span> <span class='ocrx_word' id='word_1_192' title='bbox 634 3023 903 3087; x_wconf 81' lang='lat' dir='ltr'><strong>Resurrectiouis</strong></span> <span class='ocrx_word' id='word_1_193' title='bbox 931 3020 1060 3081; x_wconf 81' lang='grc'><strong>1101111111</strong></span> <span class='ocrx_word' id='word_1_194' title='bbox 1087 3018 1188 3079; x_wconf 84' lang='lat' dir='ltr'><strong>nostri</strong></span> <span class='ocrx_word' id='word_1_195' title='bbox 1208 3016 1290 3077; x_wconf 71' lang='lat' dir='ltr'><strong>,lesu</strong></span> <span class='ocrx_word' id='word_1_196' title='bbox 1308 3014 1430 3077; x_wconf 72' lang='lat' dir='ltr'><strong>(ltu-isti</strong></span> 
     </span>
     <span class='ocr_line' id='line_1_27' title="bbox 127 3107 1430 3206; baseline 0 -33"><span class='ocrx_word' id='word_1_197' title='bbox 127 3107 217 3206; x_wconf 56' lang='grc'><strong>(111111</strong></span> <span class='ocrx_word' id='word_1_198' title='bbox 238 3124 324 3191; x_wconf 86' lang='lat' dir='ltr'><strong>tuuc,</strong></span> <span class='ocrx_word' id='word_1_199' title='bbox 348 3122 476 3183; x_wconf 87' lang='lat' dir='ltr'><strong>omisso</strong></span> <span class='ocrx_word' id='word_1_200' title='bbox 495 3115 652 3202; x_wconf 79' lang='lat' dir='ltr'><strong>Alleldja,</strong></span> <span class='ocrx_word' id='word_1_201' title='bbox 680 3122 799 3184; x_wconf 88' lang='lat' dir='ltr'><strong>dicitur</strong></span> <span class='ocrx_word' id='word_1_202' title='bbox 817 3119 942 3181; x_wconf 79' lang='lat' dir='ltr'><strong>Versus</strong></span> <span class='ocrx_word' id='word_1_203' title='bbox 966 3128 1102 3177; x_wconf 83' lang='lat' dir='ltr'><strong>tuntum.</strong></span> <span class='ocrx_word' id='word_1_204' title='bbox 1136 3112 1211 3189; x_wconf 72' lang='lat' dir='ltr'><strong>Quo</strong></span> <span class='ocrx_word' id='word_1_205' title='bbox 1236 3112 1335 3185; x_wconf 77' lang='lat' dir='ltr'><strong>dictu,</strong></span> <span class='ocrx_word' id='word_1_206' title='bbox 1360 3130 1430 3175; x_wconf 90' lang='lat' dir='ltr'><strong>sur·-</strong></span> 
     </span>
     <span class='ocr_line' id='line_1_28' title="bbox 116 3203 1431 3289; baseline -0.001 -19"><span class='ocrx_word' id='word_1_207' title='bbox 116 3203 191 3267; x_wconf 67' lang='lat' dir='ltr'><strong>-ssli</strong></span> <span class='ocrx_word' id='word_1_208' title='bbox 209 3206 363 3277; x_wconf 82' lang='lat' dir='ltr'><strong>Pontifex</strong></span> <span class='ocrx_word' id='word_1_209' title='bbox 385 3224 476 3277; x_wconf 81' lang='lat' dir='ltr'><strong>stans</strong></span> <span class='ocrx_word' id='word_1_210' title='bbox 497 3216 617 3279; x_wconf 84' lang='lat' dir='ltr'><strong>ibidem</strong></span> <span class='ocrx_word' id='word_1_211' title='bbox 637 3234 756 3279; x_wconf 86' lang='lat' dir='ltr'><strong>versus</strong></span> <span class='ocrx_word' id='word_1_212' title='bbox 775 3216 817 3279; x_wconf 84' lang='lat' dir='ltr'><strong>ad</strong></span> <span class='ocrx_word' id='word_1_213' title='bbox 838 3216 949 3289; x_wconf 77' lang='lat' dir='ltr'><strong>ultore,</strong></span> <span class='ocrx_word' id='word_1_214' title='bbox 973 3214 1044 3275; x_wconf 88' lang='lat' dir='ltr'><strong>sinc</strong></span> <span class='ocrx_word' id='word_1_215' title='bbox 1061 3212 1165 3287; x_wconf 71' lang='lat' dir='ltr'><strong>mitra,</strong></span> <span class='ocrx_word' id='word_1_216' title='bbox 1190 3222 1221 3267; x_wconf 89' lang='lat' dir='ltr'><strong>ct</strong></span> <span class='ocrx_word' id='word_1_217' title='bbox 1237 3208 1353 3269; x_wconf 86' lang='lat' dir='ltr'><strong>schola</strong></span> <span class='ocrx_word' id='word_1_218' title='bbox 1373 3226 1431 3271; x_wconf 84' lang='lat' dir='ltr'><strong>seu</strong></span> 
     </span>
     <span class='ocr_line' id='line_1_29' title="bbox 127 3294 1388 3393; baseline 0.002 -28"><span class='ocrx_word' id='word_1_219' title='bbox 127 3294 278 3370; x_wconf 74' lang='lat' dir='ltr'><strong>ministri</strong></span> <span class='ocrx_word' id='word_1_220' title='bbox 302 3320 433 3373; x_wconf 83' lang='lat' dir='ltr'><strong>cantant</strong></span> <span class='ocrx_word' id='word_1_221' title='bbox 456 3312 667 3393; x_wconf 65' lang='lat' dir='ltr'><strong>Antiphontis</strong></span> <span class='ocrx_word' id='word_1_222' title='bbox 693 3314 776 3375; x_wconf 88' lang='lat' dir='ltr'><strong>duus</strong></span> <span class='ocrx_word' id='word_1_223' title='bbox 798 3320 986 3389; x_wconf 83' lang='lat' dir='ltr'><strong>sequentes:</strong></span> <span class='ocrx_word' id='word_1_224' title='bbox 1009 3324 1085 3369; x_wconf 90' lang='lat' dir='ltr'><strong>cum</strong></span> <span class='ocrx_word' id='word_1_225' title='bbox 1108 3314 1216 3375; x_wconf 84' lang='lat' dir='ltr'><strong>cautu,</strong></span> <span class='ocrx_word' id='word_1_226' title='bbox 1240 3322 1315 3383; x_wconf 68' lang='lat' dir='ltr'><strong>paq.</strong></span> <span class='ocrx_word' id='word_1_227' title='bbox 1336 3303 1388 3369; x_wconf 82' lang='lat' dir='ltr'><strong>ii.</strong></span> 
     </span>
    </p>
   </div>
   <div class='ocr_carea' id='block_1_8' title="bbox 127 3410 1432 3623">
    <p class='ocr_par' dir='ltr' id='par_1_8' title="bbox 127 3410 1432 3623">
     <span class='ocr_line' id='line_1_30' title="bbox 215 3410 1432 3516; baseline -0.002 -19"><span class='ocrx_word' id='word_1_228' title='bbox 215 3412 430 3498; x_wconf 81' lang='lat' dir='ltr'><strong>Ascendit</strong></span> <span class='ocrx_word' id='word_1_229' title='bbox 456 3416 600 3499; x_wconf 89' lang='lat' dir='ltr'><strong>fumus</strong></span> <span class='ocrx_word' id='word_1_230' title='bbox 628 3420 875 3498; x_wconf 85' lang='lat' dir='ltr'><strong>aromatum</strong></span> <span class='ocrx_word' id='word_1_231' title='bbox 906 3412 950 3495; x_wconf 93' lang='lat' dir='ltr'><strong>in</strong></span> <span class='ocrx_word' id='word_1_232' title='bbox 983 3412 1224 3516; x_wconf 90' lang='lat' dir='ltr'><strong>conspectu</strong></span> <span class='ocrx_word' id='word_1_233' title='bbox 1250 3410 1432 3494; x_wconf 84' lang='lat' dir='ltr'><strong>Domini</strong></span> 
     </span>
     <span class='ocr_line' id='line_1_31' title="bbox 127 3488 549 3623; baseline 0.005 -23"><span class='ocrx_word' id='word_1_234' title='bbox 127 3488 194 3587; x_wconf 71' lang='lat' dir='ltr'><strong>de</strong></span> <span class='ocrx_word' id='word_1_235' title='bbox 220 3542 353 3599; x_wconf 93' lang='lat' dir='ltr'><strong>manu</strong></span> <span class='ocrx_word' id='word_1_236' title='bbox 380 3518 549 3623; x_wconf 85' lang='lat' dir='ltr'><strong>Angeli.</strong></span> 
     </span>
    </p>
   </div>
   <div class='ocr_carea' id='block_1_9' title="bbox 635 3679 933 3759">
    <p class='ocr_par' dir='ltr' id='par_1_9' title="bbox 635 3679 933 3759">
     <span class='ocr_line' id='line_1_32' title="bbox 635 3679 933 3759; baseline -0.01 -19"><span class='ocrx_word' id='word_1_237' title='bbox 635 3680 705 3742; x_wconf 77' lang='grc'><strong>11111</strong></span> <span class='ocrx_word' id='word_1_238' title='bbox 734 3679 933 3759; x_wconf 55' lang='grc'><strong>1111111111111111.</strong></span> 
     </span>
    </p>
   </div>
   <div class='ocr_carea' id='block_1_10' title="bbox 112 3779 1430 4093">
    <p class='ocr_par' dir='ltr' id='par_1_10' title="bbox 112 3779 1430 4093">
     <span class='ocr_line' id='line_1_33' title="bbox 112 3779 1430 3935; baseline -0.003 -69"><span class='ocrx_word' id='word_1_239' title='bbox 112 3847 134 3935; x_wconf 72' lang='lat' dir='ltr'>l</span> <span class='ocrx_word' id='word_1_240' title='bbox 213 3783 345 3867; x_wconf 86' lang='lat' dir='ltr'><strong>Stetit</strong></span> <span class='ocrx_word' id='word_1_241' title='bbox 361 3782 558 3887; x_wconf 84' lang='lat' dir='ltr'><strong>Angelus</strong></span> <span class='ocrx_word' id='word_1_242' title='bbox 576 3786 697 3890; x_wconf 84' lang='lat' dir='ltr'><strong>juxta</strong></span> <span class='ocrx_word' id='word_1_243' title='bbox 720 3808 842 3866; x_wconf 91' lang='lat' dir='ltr'><strong>aram</strong></span> <span class='ocrx_word' id='word_1_244' title='bbox 859 3779 1025 3887; x_wconf 88' lang='lat' dir='ltr'><strong>templi,</strong></span> <span class='ocrx_word' id='word_1_245' title='bbox 1047 3779 1215 3901; x_wconf 75' lang='lat' dir='ltr'><strong>babens</strong></span> <span class='ocrx_word' id='word_1_246' title='bbox 1234 3780 1430 3863; x_wconf 91' lang='lat' dir='ltr'><strong>thuribu-</strong></span> 
     </span>
     <span class='ocr_line' id='line_1_34' title="bbox 134 3882 1430 3986; baseline -0.001 -19"><span class='ocrx_word' id='word_1_247' title='bbox 134 3884 418 3971; x_wconf 77' lang='lat' dir='ltr'><strong>lllrratireum</strong></span> <span class='ocrx_word' id='word_1_248' title='bbox 427 3889 472 3969; x_wconf 90' lang='lat' dir='ltr'><strong>in</strong></span> <span class='ocrx_word' id='word_1_249' title='bbox 486 3913 619 3971; x_wconf 93' lang='lat' dir='ltr'><strong>manu</strong></span> <span class='ocrx_word' id='word_1_250' title='bbox 634 3913 726 3970; x_wconf 89' lang='lat' dir='ltr'><strong>sua:</strong></span> <span class='ocrx_word' id='word_1_251' title='bbox 742 3898 786 3970; x_wconf 93' lang='lat' dir='ltr'><strong>et</strong></span> <span class='ocrx_word' id='word_1_252' title='bbox 801 3886 909 3971; x_wconf 92' lang='lat' dir='ltr'><strong>data·</strong></span> <span class='ocrx_word' id='word_1_253' title='bbox 918 3897 1020 3969; x_wconf 91' lang='lat' dir='ltr'><strong>sunt</strong></span> <span class='ocrx_word' id='word_1_254' title='bbox 1035 3908 1075 3966; x_wconf 89' lang='lat' dir='ltr'><strong>er</strong></span> <span class='ocrx_word' id='word_1_255' title='bbox 1090 3886 1269 3981; x_wconf 78' lang='lat' dir='ltr'><strong>incensa</strong></span> <span class='ocrx_word' id='word_1_256' title='bbox 1278 3882 1430 3986; x_wconf 88' lang='lat' dir='ltr'><strong>multa;</strong></span> 
     </span>
     <span class='ocr_line' id='line_1_35' title="bbox 112 3978 1269 4093; baseline -0.003 -22"><span class='ocrx_word' id='word_1_257' title='bbox 112 3978 174 4057; x_wconf 83' lang='lat' dir='ltr'><strong>et</strong></span> <span class='ocrx_word' id='word_1_258' title='bbox 200 3989 401 4075; x_wconf 87' lang='lat' dir='ltr'><strong>ascendit</strong></span> <span class='ocrx_word' id='word_1_259' title='bbox 418 3990 564 4075; x_wconf 88' lang='lat' dir='ltr'><strong>fumus</strong></span> <span class='ocrx_word' id='word_1_260' title='bbox 582 3995 830 4075; x_wconf 83' lang='lat' dir='ltr'><strong>ardmatum</strong></span> <span class='ocrx_word' id='word_1_261' title='bbox 848 3991 893 4073; x_wconf 93' lang='lat' dir='ltr'><strong>in</strong></span> <span class='ocrx_word' id='word_1_262' title='bbox 913 3988 1156 4093; x_wconf 91' lang='lat' dir='ltr'><strong>conspectu</strong></span> <span class='ocrx_word' id='word_1_263' title='bbox 1175 3987 1269 4069; x_wconf 92' lang='lat' dir='ltr'><strong>Dei.</strong></span> 
     </span>
    </p>
   </div>
   <div class='ocr_carea' id='block_1_11' title="bbox 214 4138 1431 4361">
    <p class='ocr_par' dir='ltr' id='par_1_11' title="bbox 214 4138 1431 4361">
     <span class='ocr_line' id='line_1_36' title="bbox 214 4138 1431 4223; baseline -0.002 -18"><span class='ocrx_word' id='word_1_264' title='bbox 214 4138 344 4219; x_wconf 87' lang='lat' dir='ltr'><strong>Quibus</strong></span> <span class='ocrx_word' id='word_1_265' title='bbox 364 4140 475 4223; x_wconf 82' lang='lat' dir='ltr'><strong>linitis,</strong></span> <span class='ocrx_word' id='word_1_266' title='bbox 498 4142 652 4205; x_wconf 78' lang='lat' dir='ltr'><strong>Pontifex</strong></span> <span class='ocrx_word' id='word_1_267' title='bbox 673 4144 781 4205; x_wconf 85' lang='lat' dir='ltr'><strong>adbuc</strong></span> <span class='ocrx_word' id='word_1_268' title='bbox 799 4154 890 4206; x_wconf 82' lang='lat' dir='ltr'><strong>stuus</strong></span> <span class='ocrx_word' id='word_1_269' title='bbox 908 4154 982 4206; x_wconf 87' lang='lat' dir='ltr'><strong>unte</strong></span> <span class='ocrx_word' id='word_1_270' title='bbox 999 4144 1102 4205; x_wconf 83' lang='lat' dir='ltr'><strong>altare</strong></span> <span class='ocrx_word' id='word_1_271' title='bbox 1119 4143 1189 4203; x_wconf 89' lang='lat' dir='ltr'><strong>sine</strong></span> <span class='ocrx_word' id='word_1_272' title='bbox 1207 4142 1311 4203; x_wconf 83' lang='lat' dir='ltr'><strong>mitra.</strong></span> <span class='ocrx_word' id='word_1_273' title='bbox 1338 4142 1431 4202; x_wconf 83' lang='lat' dir='ltr'><strong>dicit:</strong></span> 
     </span>
     <span class='ocr_line' id='line_1_37' title="bbox 214 4254 1419 4361; baseline -0.002 -20"><span class='ocrx_word' id='word_1_274' title='bbox 214 4258 413 4343; x_wconf 87' lang='lat' dir='ltr'><strong>Oremus.</strong></span> <span class='ocrx_word' id='word_1_275' title='bbox 455 4272 497 4333; x_wconf 75' lang='lat' dir='ltr'><strong>Et</strong></span> <span class='ocrx_word' id='word_1_276' title='bbox 513 4272 668 4335; x_wconf 69' lang='lat' dir='ltr'><strong>ministri:</strong></span> <span class='ocrx_word' id='word_1_277' title='bbox 697 4260 948 4346; x_wconf 77' lang='lat' dir='ltr'><strong>Flectdmus</strong></span> <span class='ocrx_word' id='word_1_278' title='bbox 965 4260 1119 4361; x_wconf 85' lang='lat' dir='ltr'><strong>genua.</strong></span> <span class='ocrx_word' id='word_1_279' title='bbox 1167 4259 1218 4361; x_wconf 60' lang='lat' dir='ltr'><strong>Rg.</strong></span> <span class='ocrx_word' id='word_1_280' title='bbox 1240 4254 1419 4340; x_wconf 80' lang='lat' dir='ltr'><strong>Levdte</strong></span> 
     </span>
    </p>
   </div>
   <div class='ocr_carea' id='block_1_12' title="bbox 124 4393 1433 4716">
    <p class='ocr_par' dir='ltr' id='par_1_12' title="bbox 124 4393 1433 4716">
     <span class='ocr_line' id='line_1_38' title="bbox 204 4393 1432 4505; baseline -0.005 -22"><span class='ocrx_word' id='word_1_281' title='bbox 204 4398 351 4483; x_wconf 81' lang='lat' dir='ltr'><strong>emine</strong></span> <span class='ocrx_word' id='word_1_282' title='bbox 369 4409 532 4502; x_wconf 88' lang='lat' dir='ltr'><strong>sancte,</strong></span> <span class='ocrx_word' id='word_1_283' title='bbox 553 4400 687 4487; x_wconf 87' lang='lat' dir='ltr'><strong>Pater</strong></span> <span class='ocrx_word' id='word_1_284' title='bbox 706 4404 985 4505; x_wconf 90' lang='lat' dir='ltr'><strong>omnipotens</strong></span> <span class='ocrx_word' id='word_1_285' title='bbox 1008 4398 1173 4483; x_wconf 88' lang='lat' dir='ltr'><strong>aeterne</strong></span> <span class='ocrx_word' id='word_1_286' title='bbox 1192 4393 1325 4493; x_wconf 87' lang='lat' dir='ltr'><strong>Deus,</strong></span> <span class='ocrx_word' id='word_1_287' title='bbox 1348 4393 1432 4477; x_wconf 91' lang='lat' dir='ltr'><strong>cle·</strong></span> 
     </span>
     <span class='ocr_line' id='line_1_39' title="bbox 231 4496 1432 4612; baseline -0.005 -28"><span class='ocrx_word' id='word_1_288' title='bbox 231 4510 366 4604; x_wconf 89' lang='lat' dir='ltr'><strong>mens,</strong></span> <span class='ocrx_word' id='word_1_289' title='bbox 391 4513 436 4589; x_wconf 91' lang='lat' dir='ltr'><strong>et</strong></span> <span class='ocrx_word' id='word_1_290' title='bbox 453 4508 686 4612; x_wconf 89' lang='lat' dir='ltr'><strong>propitius,</strong></span> <span class='ocrx_word' id='word_1_291' title='bbox 708 4527 864 4612; x_wconf 88' lang='lat' dir='ltr'><strong>preces</strong></span> <span class='ocrx_word' id='word_1_292' title='bbox 888 4510 1053 4586; x_wconf 88' lang='lat' dir='ltr'><strong>nostrae</strong></span> <span class='ocrx_word' id='word_1_293' title='bbox 1075 4496 1336 4581; x_wconf 73' lang='lat' dir='ltr'><strong>humilitetis</strong></span> <span class='ocrx_word' id='word_1_294' title='bbox 1361 4521 1432 4581; x_wconf 83' lang='lat' dir='ltr'><strong>ex-</strong></span> 
     </span>
     <span class='ocr_line' id='line_1_40' title="bbox 124 4599 1433 4716; baseline -0.002 -29"><span class='ocrx_word' id='word_1_295' title='bbox 124 4600 252 4707; x_wconf 64' lang='lat' dir='ltr'><strong>sudi,</strong></span> <span class='ocrx_word' id='word_1_296' title='bbox 267 4615 312 4690; x_wconf 89' lang='lat' dir='ltr'><strong>et</strong></span> <span class='ocrx_word' id='word_1_297' title='bbox 326 4608 499 4715; x_wconf 88' lang='lat' dir='ltr'><strong>respice</strong></span> <span class='ocrx_word' id='word_1_298' title='bbox 516 4607 574 4692; x_wconf 90' lang='lat' dir='ltr'><strong>ad</strong></span> <span class='ocrx_word' id='word_1_299' title='bbox 589 4608 716 4716; x_wconf 90' lang='lat' dir='ltr'><strong>hujus</strong></span> <span class='ocrx_word' id='word_1_300' title='bbox 732 4605 883 4693; x_wconf 73' lang='lat' dir='ltr'><strong>alteris</strong></span> <span class='ocrx_word' id='word_1_301' title='bbox 898 4606 964 4689; x_wconf 92' lang='lat' dir='ltr'><strong>tui</strong></span> <span class='ocrx_word' id='word_1_302' title='bbox 979 4603 1300 4703; x_wconf 82' lang='lat' dir='ltr'><strong>holocaustum,</strong></span> <span class='ocrx_word' id='word_1_303' title='bbox 1310 4599 1433 4705; x_wconf 90' lang='lat' dir='ltr'><strong>quod</strong></span> 
     </span>
    </p>
   </div>
   <div class='ocr_carea' id='block_1_13' title="bbox 0 0 1577 5094">
    <p class='ocr_par' dir='ltr' id='par_1_13' title="bbox 0 0 1577 5094">
     <span class='ocr_line' id='line_1_41' title="bbox 0 0 1577 5094; baseline 0 0"><span class='ocrx_word' id='word_1_304' title='bbox 0 0 1577 5094; x_wconf 95' lang='lat' dir='ltr'><strong> </strong></span> 
     </span>
    </p>
   </div>
  </div>
 </body>
</html>
