3090 5094
103 358 107 403 1
142 340 184 404 98
547 346 592 405 lle
617 344 740 407 :lltnris
767 344 1038 409 consecratione.

103 484 108 611 Ξ
221 509 332 589 Cum
356 505 628 610 iucunditate
655 506 844 606 exibitis,
869 516 913 592 et
938 532 1039 591 cum
1063 506 1229 610 gaudio
1251 508 1448 596 deduce·

141 611 261 709 mini,
286 636 388 693 nam
412 620 457 693 et
479 621 663 711 montes,
682 623 728 695 et
745 610 885 694 colles
905 610 1109 695 exsilient
1127 618 1449 719 exspectantes

142 739 225 798 vos
243 740 345 797 cum
362 712 536 818 gaudie,
555 714 756 818 Alleluia.

103 806 108 933 l
225 847 346 907 l'men't
369 846 486 907 deinde
509 846 606 907 etiam
628 848 709 925 dici,
733 849 760 909 si
787 848 980 928 expedierit.
1006 864 1149 927 sequens
1168 844 1445 928 Responsorium

104 938 108 971 ²
145 955 228 1001 'eum
255 956 361 1007 cantu.
386 938 553 1021 pag.50.·:
910 958 915 965 ·

103 990 108 1145 l
219 1039 405 1142 surgite,
432 1036 582 1122 Sancti
608 1035 704 1137 Dei,
729 1036 785 1121 de
810 1037 1115 1123 mansionibus
1141 1037 1321 1138 vestris,
1347 1037 1447 1122 loca

144 1142 429 1242 sanctificate,
447 1140 623 1247 plebem
638 1139 900 1259 benedicite,
944 1142 1003 1226 Et
1022 1167 1104 1227 nos
1124 1141 1334 1226 homines
1346 1166 1446 1264 pec·

144 1249 317 1329 catores
332 1247 377 1327 in
394 1270 506 1351 pace
524 1242 757 1328 custodite.
786 1249 836 1341 δ’.
853 1245 1093 1331 Ambulate
1108 1245 1262 1330 Sancti
1281 1246 1371 1329 De1
1389 1244 1445 1329 ad

142 1349 291 1432 locum
310 1347 688 1454 praedestinatum,
706 1348 781 1452 qui
799 1348 929 1433 vobis
946 1354 1224 1456 praeparatus
1243 1358 1328 1434 est
1349 1358 1371 1401 ²⁴
1390 1348 1446 1431 Et

143 1476 225 1535 nos
243 1450 456 1535 homines.

220 1562 370 1645 Cumque
395 1570 580 1647 pervenerit
601 1585 704 1648 prope
729 1570 840 1649 ipsum
862 1567 980 1629 altare.
1011 1564 1147 1647 deponit
1170 1582 1227 1627 cas
1252 1575 1446 1627 reverenter

143 1674 217 1718 cum
244 1662 461 1725 luminaribus
491 1682 590 1744 super
614 1662 769 1725 funi-un
799 1664 847 1723 vel
878 1664 1022 1741 aliquam
1047 1661 1196 1723 tabulam
1217 1661 1364 1723 honeste
1389 1658 1445 1721 ibi·

143 1752 215 1813 dem
242 1770 405 1835 palatum.
434 1758 653 1821 luminaribus
678 1759 769 1831 iuxta
793 1760 868 1820 illus
893 1756 1099 1819 ardentibus
1124 1772 1155 1819 ct
1177 1772 1262 1818 mox
1286 1752 1444 1817 Pontifex

142 1866 215 1910 cum
241 1853 336 1913 mitra
363 1864 455 1915 stans
479 1857 708 1936 propesitum
733 1855 880 1915 inchoat.
909 1853 1026 1914 schola
1055 1870 1116 1915 scu
1143 1852 1307 1914 ministris
1331 1868 1445 1931 prose·

142 1946 335 2022 questibus.
363 1950 596 2031 ‚lutiplnmnln
639 1949 670 2011 Si
698 1966 777 2011 vero
801 1947 835 2011 tit
860 1967 934 2011 cum
959 1959 1077 2025 cantu,
1102 1947 1177 2011 vide
1199 1964 1278 2029 pag.
1305 1948 1367 2016 67.

210 2045 519 2167 ,ΙέιειιΙῒὲὺιιῃῒ
551 2047 702 2131 Sancti
733 2047 780 2130 in
807 2045 963 2151 gloria:
983 2045 1269 2131 laetabuntur
1298 2046 1350 2131 in
1378 2072 1445 2133 cu·

143 2147 307 2232 bsslbus
334 2151 437 2233 suis·
666 2191 821 2253 Psallnus
849 2189 919 2252 llll.
1124 2167 1127 2171 ⁴

100 2268 105 2401 ξ
143 2275 352 2465 Cantate
385 2296 578 2380 Domino
615 2296 834 2381 cinticum
869 2322 1053 2382 novum:
1081 2302 1103 2346 *
1137 2296 1235 2380 laus
1269 2299 1370 2403 ejus
1402 2299 1446 2382 in

219 2397 420 2484 Ecclesia
449 2404 714 2484 sanctorum.

221 2501 417 2587 Laetetur
452 2504 594 2587 Israel
628 2505 673 2587 in
710 2528 785 2605 eo,
821 2502 897 2610 qui
931 2503 1036 2589 fecit
1072 2529 1191 2589 eum:
1225 2504 1250 2556 *
1284 2513 1337 2591 et
1367 2502 1447 2589 filii

143 2603 250 2687 Sion
278 2607 499 2691 exsultent
526 2608 571 2690 in
597 2633 701 2713 rege
729 2633 821 2692 suo.

221 2707 423 2793 Laudent
449 2735 610 2794 nomen
636 2714 728 2816 ejus
754 2714 800 2794 in
827 2711 965 2795 choro
976 2743 990 2796 ε,
1012 2713 1034 2761 *
1065 2710 1111 2795 in
1136 2715 1374 2819 tympano,
1401 2722 1446 2798 et

144 2811 355 2916 psalterio
383 2814 574 2920 psallant
600 2815 650 2899 ci.

221 2918 334 3019 Quia
359 2917 686 3024 beneplacitum
713 2927 781 3003 est
807 2919 1000 3005 Domino
1028 2920 1074 3003 in
1100 2918 1270 3025 populo
1302 2922 1447 3006 suoz*

144 3029 189 3104 et
216 3020 429 3105 exaltabit
454 3025 710 3106 mansuetos
736 3023 782 3105 in
809 3023 1009 3107 salntem.

220 3124 516 3209 Exsultabunt
551 3125 701 3210 Sancti
740 3127 784 3208 in
824 3126 983 3231 gloria:
1023 3129 1045 3180 *
1085 3124 1364 3213 laetabimtur
1403 3129 1449 3213 in

143 3226 362 3313 cubilibus
389 3230 491 3312 suis.

221 3331 525 3457 Enaltationes
560 3332 646 3453 Dei
681 3332 726 3415 in
761 3339 940 3437 gutture
974 3337 1145 3417 eorum:
1179 3339 1199 3382 *
1233 3343 1282 3418 et
1309 3334 1449 3441 gladii

145 3435 909 3661 an⁰ii³titiiqiinffi¹n¹issfviiaiitrfflin
936 3539 1208 3625 nationibus:
1242 3542 1269 3594 *
1305 3542 1446 3629 incre-

145 3643 350 3745 pationes
377 3669 423 3724 1n
449 3643 638 3750 popuhs.

222 3741 295 3825 Ad
322 3744 566 3849 alligandos
594 3772 722 3851 reges
751 3751 904 3830 eorum
930 3747 976 3830 in
1002 3746 1318 3854 compedibus:
1346 3752 1372 3804 *
1403 3760 1445 3837 et

145 3844 317 3930 nobiles
345 3851 497 3933 eorum
524 3851 570 3931 in
596 3851 780 3934 manicis
808 3851 972 3935 ferreis.

222 3950 283 4034 Ut
310 3951 471 4036 faciant
502 3954 546 4035 in
579 3953 641 4036 eis
672 3953 879 4057 judicium
911 3958 1223 4061 conscriptum:
1255 3956 1444 4061 *gloria

145 4053 241 4137 haec
270 4063 336 4138 est
364 4055 564 4140 omnibus
591 4059 752 4142 sanctis
781 4060 883 4162 ejus.

665 4179 816 4240 Psalmus
842 4178 913 4243 iso.

144 4262 352 4454 Laudate
380 4279 619 4362 Dominum
654 4281 698 4364 in
731 4282 896 4366 sanctis
930 4284 1040 4388 ejus:
1074 4283 1097 4331 *
1131 4280 1317 4370 laudate
1346 4310 1444 4371 eum

222 4382 267 4464 in
294 4383 570 4467 firmamento
599 4385 774 4469 virtutis
802 4390 906 4491 ejus.

220 4485 419 4571 Laudate
453 4513 553 4571 eum
585 4488 631 4571 in
657 4489 895 4574 virtutibus
930 4492 1041 4594 ejus:
1074 4490 1097 4538 *
1131 4487 1319 4577 laudate
1347 4519 1444 4580 eum

145 4589 385 4673 secundum
412 4591 739 4676 multitudinem
764 4592 1080 4699 magnitudinis
1108 4594 1212 4699 ejus.
