3090 5094
126 1338 364 1386 r*—
710 1310 875 1375 ’.-

131 1416 200 1497 Ps.
216 1420 282 1499 86.
310 1411 612 1496 Fundamenta
640 1413 741 1518 eius.

631 1561 787 1625 Psalmus
812 1560 864 1625 86.

222 1645 428 1732 (lamenta
454 1650 546 1753 ejus
572 1648 618 1730 in
643 1646 867 1731 montibus
896 1647 1074 1732 sanctis:
1099 1650 1122 1702 *
1147 1646 1297 1756 diligit
1313 1652 1400 1737 Do

171 1751 314 1833 minus
332 1760 485 1856 portas
504 1750 611 1835 Sion
630 1775 762 1857 super
780 1750 927 1834 omnia
943 1750 1231 1837 tabernacula
1248 1754 1398 1840 Jacob.

180 1852 390 1937 Gloriosa
417 1854 666 1938 dictasunt
693 1852 749 1937 dc
775 1862 832 1953 te,
860 1854 882 1905 *
912 1854 1068 1938 civitas
1095 1855 1190 1940 Dei

179 1956 350 2040 Memor
378 1981 455 2041 ero
483 1956 652 2057 Rahab‚
681 1965 725 2040 et
746 1957 1030 2062 Babylonis*
1057 1956 1297 2042 scientium
1322 1984 1399 2044 me.

178 2058 296 2143 Ecce
319 2059 449 2143 alieni
480 2085 586 2162 enae,
612 2070 656 2145 et
675 2061 831 2164 Tyrus,
851 2068 896 2144 et
916 2060 1108 2167 populus
1125 2060 1401 2170 AEthiopum,

102 2160 197 2243 *hi
224 2162 400 2246 fuerunt
426 2087 527 2246 idio.

178 2263 406 2368 Numquid
434 2265 541 2348 Sion
568 2262 706 2347 dicet:
739 2264 911 2366 Homo,
940 2275 984 2349 et
1010 2264 1146 2350 homo
1172 2277 1310 2353 natus
1336 2278 1401 2355 est

101 2365 146 2446 in
175 2392 242 2449 ea:
268 2368 290 2416 *
318 2376 362 2451 et
388 2367 485 2474 ipse
511 2365 712 2451 fundavit
739 2392 836 2450 eam
863 2365 1141 2452 Altissimus?

160 2470 418 2625 'Dominum
434 2468 631 2553 narrabit
668 2469 715 2591 in
751 2470 984 2592 scripturis
1021 2472 1318 2579 populdmm,
1357 2484 1401 2561 et

100 2572 1081 2762 ”tittttnrihhmrihhiuthhit
1109 2686 1177 2763 a
1203 2678 1251 2763 n
1279 2689 1340 2765 a

183 2796 227 2857 Et
248 2811 316 2858 non
341 2794 460 2857 dicitur
484 2790 603 2858 Gloria
624 2790 725 2857 Patri.

184 2916 292 2978 Finito
315 2916 462 2998 Psalmo,
485 2916 641 2979 Pontifex
663 2924 755 2979 stans
779 2934 856 2979 oum
878 2918 985 2997 mitra,
1009 2918 1102 2981 dicit:

145 3027 322 3133 apidem
348 3026 475 3127 hunc,
501 3029 659 3112 fratres
685 3028 899 3129 carissimi
936 3028 983 3109 in
1009 3051 1097 3131 quo
1124 2997 1403 3133 unguentum'

157 3155 315 3250 'sacrae
339 3131 559 3251 unctionis
584 3129 832 3251 effunditur,
856 3092 913 3215 ad
937 3131 1055 3214 susci
1086 3129 1218 3252 ienda
1240 3134 1397 3241 pdpuli

101 3259 169 3315 sur
200 3242 324 3333 vota,
363 3242 407 3316 et
439 3234 673 3334 sacr1fic1a‚
709 3237 885 3318 oremus
915 3242 965 3317 ut
995 3235 1037 3316 D
1068 3260 1212 3318 mmus
1243 3246 1397 3322 noster

100 3333 345 3438 benedicat,
367 3344 411 3420 ct
430 3340 671 3436 consecret,
699 3345 743 3419 et
771 3335 894 3440 quod
912 3345 980 3420 est
999 3348 1180 3422 unctum
1203 3363 1233 3422 a
1256 3337 1396 3439 nobis,

100 3437 158 3520 sit
183 3448 364 3520 unctum
388 3439 432 3519 in
457 3440 632 3522 nomine
659 3441 764 3544 ejus3
791 3449 842 3523 ut
868 3439 1012 3545 plebis
1035 3449 1142 3524 vota
1168 3444 1393 3549 suscipiat,

100 3547 145 3659 et
170 3539 299 3660 altari
326 3565 405 3645 per
434 3566 603 3624 sacram
629 3542 884 3625 unctitinem
910 3543 1127 3664 perfecto,
1159 3541 1269 3665 dum
1293 3568 1393 3731 gro

97 3645 378 3826 Brtmtroncm
395 3641 629 3727 Sacrorum
656 3645 934 3750 imponimus
961 3646 1047 3751 ips1
1074 3670 1156 3751 pro
1188 3647 1292 3732 itrat
1323 3672 1391 3731 res

142 3744 183 3827 ei
211 3769 308 3827 esse
335 3752 591 3830 mercemur.
628 3749 715 3831 Per
739 3748 764 3831 J
766 3774 888 3831 esum
906 3748 1129 3832 Christum
1198 3750 1390 3833 dminum

97 3856 316 3948 nostrum,
345 3849 420 3952 qui
447 3875 546 3933 cum
575 3876 646 3952 eo,
676 3859 720 3933 et
746 3849 912 3956 Spiritu
938 3860 1092 3935 sancto
1119 3850 1231 3935 vivit
1258 3860 1305 3936 et
1331 3876 1390 3936 re

97 3960 203 4052 gnat
229 3950 352 4034 Deus
378 3951 424 4033 in
451 3952 614 4036 seacula
640 3953 914 4036 sacculorum
972 3962 1025 4063 lb.
1044 3953 1199 4039 Arnen.

182 4085 257 4163 Quo
286 4088 393 4163 dict0‚
422 4089 554 4151 inchoat
576 4090 815 4171 Antiphonem,
844 4095 959 4158 schola
983 4098 1090 4177 ipsam
1111 4102 1142 4155 ct
1162 4082 1338 4156 Psalmum
1360 4110 1395 4155 ac

103 4184 272 4260 sequentia
296 4182 526 4263 Responsoria
548 4195 779 4266 prosequente.
1141 4217 1241 4269 Tenus
1257 4218 1297 4271 Π,

496 4315 606 4327 ——.-

161 4505 390 4609 Lapides
407 4505 662 4612 pre-ti-o-si
803 4530 955 4591 omnes
981 4510 1112 4592 muri
1142 4516 1192 4592 tu
1229 4555 1244 4571 ·
1281 4511 1311 4613 i,
