3090 5094
141 325 185 390 40
549 338 600 399 lle
623 338 782 400 Ecclesiae
805 337 1023 399 Dedicatione

219 497 438 599 Quoniam
463 505 513 580 tu
541 521 588 580 es
615 495 806 580 Domine
833 521 937 603 spes
961 521 1077 581 mea:
1103 498 1126 549 *
1158 474 1437 581 Altissimum

140 602 332 710 posuisti
358 600 575 705 rcfiigium
600 611 735 685 tuum.

218 705 323 791 Non
358 704 540 790 accedet
576 704 634 790 ad
666 713 714 789 te
748 706 930 790 malum:
964 713 984 756 *
1021 715 1065 791 et
1099 702 1325 810 flagellum
1351 728 1434 789 non

142 809 518 920 appropinquitbit
544 808 828 895 tabemitculo
856 820 947 895 tuo,

221 916 439 1017 Quoniam
464 914 647 1020 Angelis
675 914 767 1017 suis
799 913 1024 999 mandavit
1051 914 1193 1000 dete:
1226 914 1248 966 *
1280 923 1333 998 ut
1366 938 1433 998 cu·

143 1019 340 1106 stodiant
366 1029 412 1105 te
437 1020 484 1103 in
511 1018 716 1104 omnibus
743 1019 827 1104 viis
854 1020 953 1103 tuis.

220 1125 273 1208 111
298 1124 501 1210 manibus
527 1122 770 1232 portabunt
795 1133 859 1209 te:
884 1126 906 1175 *
934 1150 991 1209 ne
1017 1124 1131 1208 forte
1155 1121 1356 1208 offendas
1381 1121 1436 1208 ad

141 1229 337 1337 lapidem
363 1228 524 1336 pedem
550 1238 685 1313 tuum.

220 1335 281 1418 Su
315 1360 362 1418 er
399 1337 446 1417 as
480 1332 617 1435 idem,
655 1342 699 1417 et
733 1330 988 1417 basiliscum
1023 1330 1290 1417 ambulabis:
1330 1333 1353 1383 *
1397 1343 1439 1417 et

145 1465 255 1525 conc
303 1437 424 1561 capis
448 1360 626 1523 leonem
654 1445 698 1522 et
726 1436 974 1559 draconem.

223 1545 441 1645 Quomam
472 1542 517 1625 in
544 1567 614 1627 me
642 1546 856 1648 speravit,
889 1540 1090 1626 lrberabo
1125 1567 1242 1626 eum:
1279 1542 1302 1592 *
1339 1543 1437 1648 pro·

143 1662 291 1756 tegam
318 1673 427 1749 eum,
456 1647 664 1753 quoniam
692 1646 901 1752 cognovit
926 1671 1086 1730 nomen
1112 1671 1268 1731 meum.

222 1752 439 1838 Clamabit
472 1751 529 1837 ad
554 1778 645 1854 me,
682 1761 727 1838 et
754 1774 836 1856 ego
866 1749 1099 1836 exandiam
1126 1776 1244 1835 eum:
1279 1749 1303 1800 *
1341 1772 1440 1832 cum

144 1861 244 2050 ἰῑέἷο
281 1885 379 1942 sum
414 1857 459 1940 in
493 1856 798 1943 tribulatione:
834 1855 1017 1962 eripiam
1044 1881 1162 1958 eum,
1200 1864 1244 1940 et
1277 1852 1438 1960 glorifi-

146 1990 170 2050 c
230 1988 396 2048 oeum.

221 2065 518 2172 Longitirdine
539 2065 710 2151 dierum
736 2063 919 2174 replebo
942 2089 1061 2150 eum:
1088 2071 1108 2114 *
1136 2073 1181 2150 et
1207 2061 1441 2149 ostendam

146 2173 210 2257 illi
239 2172 430 2256 salutare
456 2195 613 2255 meum.

228 2298 270 2360 Et
293 2315 359 2360 non
383 2296 500 2358 dieitur
527 2294 644 2363 Gloria
664 2295 764 2364 Patri

228 2405 363 2466 Interim
386 2401 541 2465 Pontifex
571 2401 666 2463 tertio
697 2399 813 2462 circuit
836 2398 1034 2481 Ecclesiam,
1065 2398 1224 2479 incipiens
1255 2417 1273 2460 a
1301 2399 1439 2462 sinistra

143 2508 248 2581 parte3
279 2509 310 2562 et
333 2499 479 2580 aspergit
502 2499 643 2579 parietes
668 2497 769 2573 illius,
803 2496 898 2558 altius
923 2513 1022 2575 quani
1046 2496 1208 2578 secundo,
1240 2494 1376 2558 rediens
1400 2494 1438 2558 ad

143 2599 265 2676 locum,
298 2595 383 2659 unde
407 2594 568 2658 discessit.
615 2591 689 2671 Quo
713 2591 819 2675 facto,
853 2591 958 2654 adhuc
980 2592 1111 2654 mitram
1135 2593 1165 2654 in
1191 2592 1298 2671 capite
1323 2600 1440 2654 tenens

144 2694 289 2772 aspergit
313 2711 387 2754 cnm
411 2690 567 2773 praedicta
591 2708 676 2770 aqua
700 2690 921 2770 pavimentum
946 2689 1104 2751 Ecclesiae
1127 2706 1185 2768 per
1209 2687 1369 2769 medium,
1393 2689 1439 2751 in-

144 2789 268 2868 cipiens
291 2797 363 2850 ante
385 2790 495 2867 altare,
519 2805 623 2868 usque
647 2786 688 2848 ad
712 2792 843 2867 portam
865 2785 1089 2866 principalem,
1114 2784 1230 2847 deindo
1251 2801 1311 2864 per
1332 2792 1439 2847 trans·

144 2902 295 2965 versum,
324 2884 365 2946 de
387 2902 453 2947 uno
476 2884 599 2965 pariete
624 2882 666 2945 ad
688 2883 798 2945 alium.
843 2880 980 2945 Interim
1011 2883 1124 2943 schola
1152 2889 1260 2943 cantat
1288 2890 1361 2943 tres
1389 2896 1438 2943 se·

60 3059 66 3073 „
144 2989 280 3061 quentes
304 2979 513 3062 Antiphonas
536 2999 609 3043 cum
633 2981 702 3043 suis
717 2978 914 3042 Versiculis:
1126 3066 1131 3072 .
1161 3060 1189 3112 M
1212 3060 1229 3112 d
1283 3059 1324 3110 ῃ

1177 3077 1208 3113 20
1231 3076 1263 3112 us
1298 3072 1302 3092 ³
1328 3101 1334 3111 .

148 3162 1449 3402 &Q

204 3398 380 3477 Domus
397 3416 533 3494 mea,
566 3392 757 3478 domus
799 3393 1107 3479 oratio-nis
1125 3392 1401 3480 voca-bitur.

20 3765 23 3773 ’
144 3737 195 3841 ll·
226 3744 460 3831 Narrabo
487 3770 666 3830 no-men
684 3755 825 3833 tu=um
850 3744 1116 3831 fratri-bus
1142 3772 1212 3832 me
1231 3792 1246 3807 ·
1264 3747 1313 3850 is,

251 4108 296 4190 in
322 4106 514 4192 medi-0
530 4093 795 4193 vEccle-si-aa
822 4105 1047 4193 lauda-bo
1083 4120 1139 4193 te.
1160 4106 1253 4189 sine
1277 4107 1444 4191 Gloria

229 4266 306 4330 Alia
327 4264 528 4347 Antiphone.
1182 4271 1281 4325 niodus
1298 4267 1332 4320 V.

187 4610 394 4699 Domi-ne
458 4611 504 4700 di
518 4659 532 4674 ·
545 4613 669 4699 le-xi
686 4612 910 4698 decorem
930 4610 1087 4696 domus
1107 4621 1155 4696 tu
1169 4657 1183 4672 ·
1198 4637 1247 4694 ae.
1268 4594 1318 4698 ll.
1343 4610 1408 4698 Et
