3090 5094
169 338 209 402 16
585 345 636 407 De
658 344 815 408 Ecclesiae
839 344 1053 407 Dadicatione

176 516 256 597 ipste
272 533 399 578 rasurae
419 516 638 601 deponantur,
662 519 747 600 calx,
771 537 880 600 arena,
901 519 970 581 sive
990 519 1099 599 tegula
1118 517 1194 578 trita
1216 515 1258 577 ad
1277 512 1467 576 faciendum

177 622 380 695 caementum,
404 630 464 693 pro
488 613 632 678 liniendo
656 616 831 696 sepulchro
851 614 1090 696 Reliquiarum,
1115 621 1146 674 et
1169 611 1319 687 iunctura
1346 625 1468 671 mensae

178 709 291 771 altaris
320 728 394 772 cum
418 711 542 793 stipite,
574 714 821 792 caementariuS,
844 712 901 791 qui
926 710 988 772 hoc
1011 706 1103 791 agat,
1135 709 1199 771 duo
1227 706 1393 770 intortitia
1420 724 1465 767 ac·

177 824 291 888 censa,
322 825 395 885 quac
423 824 552 887 semper
575 808 763 887 praecedant
784 805 995 889 Pontificem,
1026 822 1236 887 quocumque
1262 803 1356 884 ierit,
1390 819 1467 863 vasa

178 920 252 963 cum
278 921 381 982 aqua,
412 902 454 964 ad
483 902 661 967 abluendas
689 923 806 968 manus
829 903 1016 984 Pontificis3
1049 910 1080 964 et
1108 900 1251 963 medulla
1280 899 1401 980 panis,
1431 918 1467 960 ac

177 1000 339 1081 mantilia,
370 1016 432 1080 pro
456 1000 666 1082 extergendis
690 1000 860 1083 manibus,
892 999 964 1062 duae
987 998 1080 1061 librae
1104 997 1294 1078 bombycis,
1324 1013 1389 1076 pro
1414 1013 1465 1057 ex·

177 1095 343 1177 tergendis
368 1094 519 1159 crucibus
547 1099 668 1179 unctis,
702 1116 775 1178 quae
797 1097 880 1159 fiunt
903 1097 935 1158 in
964 1092 1349 1176 parietibusEcclcsiae,
1383 1100 1416 1155 ct
1438 1091 1469 1154 in

177 1192 285 1272 stipite
314 1192 442 1273 altaris3
473 1191 539 1255 duo
564 1211 646 1256 vasa
670 1211 746 1255 curn
774 1212 859 1274 aqua
887 1192 1126 1272 benedicenda,
1159 1208 1262 1253 unum
1289 1197 1390 1253 extra
1412 1188 1467 1252 Ec·

177 1289 327 1369 clesiam,
359 1297 389 1350 et
417 1287 506 1350 aliud
532 1289 620 1352 intus
647 1290 680 1351 in
710 1289 932 1371 presbyteri03
967 1287 1104 1350 tobaleae
1133 1304 1229 1351 nouae
1257 1283 1412 1368 mundae,
1439 1292 1468 1346 et

177 1403 268 1464 vasa,
293 1392 390 1464 atque
412 1393 603 1447 ornamenta
628 1386 670 1448 ad
693 1389 816 1450 cultum
839 1387 903 1449 Dei
928 1393 958 1447 et
981 1383 1149 1465 Ecclesiae,
1174 1392 1205 1445 et
1228 1382 1354 1463 altariS,
1378 1389 1465 1462 post-

177 1499 277 1559 quam
301 1490 493 1543 consecrata
516 1479 649 1563 fuerint,
672 1482 883 1563 pertinentia,
906 1480 1139 1544 benedicenda.
1179 1480 1263 1542 Item
1286 1477 1466 1560 depingan-

176 1579 284 1639 turin
312 1575 490 1657 parictibus
515 1577 671 1640 Ecclesiae
695 1580 891 1642 intrinsecus
916 1596 973 1658 per
998 1577 1168 1639 circuitum
1194 1574 1373 1638 duodecim
1399 1592 1465 1636 cru-

177 1691 247 1755 ces,
274 1674 358 1735 circa
383 1672 495 1735 decern
519 1674 647 1754 palmos
672 1684 930 1757 superterram,
959 1673 1110 1737 videlicet
1132 1681 1200 1735 tres
1223 1689 1284 1753 pro
1309 1669 1466 1751 quolibet,

177 1787 217 1829 ex
243 1778 382 1848 quatuor
409 1769 599 1850 parietibus,
644 1769 687 1832 Et
713 1771 754 1833 ad
778 1779 876 1852 caput
903 1769 1077 1848 cujuslibet
1100 1769 1206 1832 crucis
1232 1767 1357 1848 figatur
1381 1785 1465 1829 unus

176 1866 302 1947 clatum,
326 1867 379 1929 cui
404 1864 557 1947 affigatur
580 1884 645 1929 una
669 1866 804 1930 candela
828 1868 926 1930 unius
950 1868 1064 1929 unciae.
1111 1864 1217 1947 Scala,
1240 1882 1342 1945 super
1366 1881 1466 1943 quarn

176 1962 357 2024 ascendens
381 1961 536 2024 Pontifex
558 1965 664 2043 possit
692 1966 852 2045 attingere
875 1965 967 2045 ipsas
991 1962 1166 2025 duodecim
1192 1978 1324 2042 cruces3
1356 1959 1465 2023 fontes

177 2057 340 2136 Ecclesiae,
365 2058 537 2137 inquibus
561 2068 776 2123 conservatur
799 2079 884 2139 aqua
904 2058 1087 2141 benedicta,
1111 2059 1204 2120 uacui
1230 2057 1303 2139 siut,
1330 2064 1360 2118 ct
1384 2054 1466 2118 benc

128 2178 131 2185 ·
175 2153 298 2215 mundi.
322 2153 363 2214 Et
378 2153 601 2236 provideatur,
618 2155 709 2233 quod
722 2155 869 2218 Ecclesia
885 2156 993 2235 possit
1009 2155 1155 2217 exterius
1171 2153 1271 2216 libere
1288 2152 1466 2214 circumiri.

253 2283 407 2346 Pontifex
434 2302 530 2346 mane
558 2285 591 2347 in
618 2303 678 2349 suo
706 2286 820 2349 habitu
849 2286 1042 2367 quotidiano
1074 2286 1164 2349 venit
1194 2283 1235 2346 ad
1262 2283 1466 2346 Ecclesiam:

176 2379 305 2440 ordinat
327 2380 361 2442 in
377 2380 525 2443 Ecclesia
547 2381 782 2460 consecranda,
806 2401 879 2462 quae
903 2382 1088 2446 ordinanda
1111 2390 1199 2461 sunt,
1224 2389 1254 2441 ct
1276 2380 1347 2459 ejus
1371 2377 1466 2459 jussu

176 2475 397 2537 accenduntur
418 2477 598 2555 praemissae
622 2477 796 2541 duodecim
820 2479 978 2562 candelae,
1007 2488 1038 2541 et
1061 2477 1287 2541 faldistorium
1310 2483 1466 2536 ornatum

176 2571 307 2649 ponitur
336 2589 435 2652 supra
461 2581 567 2654 tapete
590 2574 624 2635 in
651 2575 761 2638 medio
784 2574 955 2656 Ecclesiae,
990 2584 1021 2636 et
1048 2593 1129 2637 mox
1152 2569 1306 2636 Pontifex
1330 2570 1404 2632 exit
1427 2569 1466 2632 ab

176 2666 340 2751 Ecclesia,
373 2670 498 2731 cunctis
528 2668 604 2731 inde
634 2672 724 2732 exire
755 2670 873 2754 jussiS,
905 2687 970 2733 uno
999 2679 1126 2732 tantum
1151 2669 1301 2731 Diacono
1331 2667 1468 2744 amictu,

176 2760 265 2840 alba,
295 2764 440 2846 cingulO,
469 2773 500 2826 et
523 2766 609 2827 stola
633 2766 697 2829 albi
721 2767 843 2829 coloris
866 2781 983 2848 parato
1007 2767 1094 2829 intus
1116 2771 1318 2844 remanente,
1349 2770 1384 2824 et
1407 2762 1468 2825 Ee-

176 2859 285 2921 clesiae
309 2857 397 2924 fores
421 2861 624 2924 clauduntur.

252 2982 344 3045 Tunc
367 2982 520 3047 Pontifex
544 3004 619 3048 cum
643 2987 731 3049 clero
755 2993 787 3048 ct
808 2986 931 3066 populo
957 2983 1083 3048 accedit
1106 2983 1148 3046 ad
1168 2984 1289 3065 locum,
1318 2979 1378 3043 ubi
1402 2982 1468 3063 pri-

175 3076 226 3138 die
248 3078 410 3160 Reliquiae
436 3083 553 3162 positte
576 3082 723 3165 fuerunt,
754 3092 784 3145 et
808 3081 852 3144 ibi
875 3082 1001 3163 incipit,
1033 3093 1064 3143 ct
1087 3080 1167 3142 dicit
1188 3096 1271 3142 voce
1295 3077 1469 3141 submissa

175 3191 249 3236 cum
285 3178 425 3255 clericiS,
466 3186 591 3258 septem
629 3179 781 3242 Psalmos
817 3195 892 3239 cum
923 3179 1112 3258 Antiphone
1146 3176 1194 3240 Ne
1225 3175 1465 3264 reminiscaris,

171 3271 332 3355 Domine,
361 3277 422 3334 etc.
450 3273 534 3351 (sine
556 3273 718 3357 Litaniis),
740 3284 775 3337 ut
797 3275 829 3336 in
852 3272 917 3336 fine
941 3273 1037 3354 hujus
1061 3272 1227 3354 fasciculi,
1250 3270 1397 3337 induens
1421 3274 1468 3337 in·

174 3366 268 3428 terim
292 3369 464 3444 amictum,
488 3368 613 3452 albam,
642 3371 824 3454 cingulum,
852 3371 991 3450 stolam,
1024 3377 1054 3431 et
1077 3370 1221 3450 pluviale
1242 3367 1307 3430 albi
1330 3371 1469 3450 coloris,

175 3464 339 3543 accipiens
365 3463 498 3525 mitram
523 3465 706 3545 simplicem
737 3468 769 3529 in
802 3467 921 3548 capite,
953 3475 984 3529 et
1011 3465 1166 3529 baculum
1195 3465 1400 3546 pastoralem
1436 3468 1468 3529 in

174 3575 271 3621 manu
307 3559 450 3622 sinistra.
502 3558 595 3622 Alter
628 3578 757 3641 quoque
787 3564 957 3626 Diaconus
987 3571 1121 3643 paratus
1153 3561 1302 3624 similiter
1333 3564 1469 3644 amictu,

174 3653 262 3738 alba,
294 3656 441 3738 cingulo,
470 3664 501 3718 et
529 3657 615 3719 stola
644 3656 708 3720 albi
739 3659 877 3741 coloris3
908 3658 1140 3725 Subdiaconus
1172 3657 1267 3719 etiam
1296 3658 1468 3732 amictum,

174 3749 296 3832 albam,
324 3761 354 3812 ct
381 3751 545 3831 cingulum
572 3753 720 3837 indutus,
747 3756 891 3837 acolythi
917 3755 1025 3817 etalii
1050 3753 1188 3816 ministri
1216 3755 1467 3833 superpelliceis

173 3847 278 3926 parati
301 3846 419 3909 adsint.
450 3848 581 3928 Septem
596 3849 737 3912 Psalmis
761 3853 911 3934 expletis
936 3850 1020 3912 redit
1034 3849 1188 3913 Pontifex
1208 3867 1282 3911 cnm
1301 3849 1467 3913 ministris

173 3952 246 4004 ante
275 3941 364 4004 fores
389 3943 547 4006 Ecclesiae
578 3948 825 4030 consecrandae,
856 3956 887 4009 et
916 3953 1032 4028 parato
1060 3945 1105 4009 ibi
1134 3947 1199 4007 alio
1228 3963 1328 4024 super
1355 3954 1467 4027 tapete

172 4039 374 4121 faldistorio,
401 4040 554 4103 Pontifex
580 4041 731 4123 deposito
756 4042 873 4106 baculo
897 4044 1071 4125 pastorali,
1098 4051 1129 4105 et
1151 4050 1242 4104 stans
1271 4042 1342 4102 sine
1366 4043 1467 4106 mitra

171 4135 311 4217 inchoat,
336 4142 367 4198 et
392 4136 504 4198 schola
527 4140 737 4218 prosequitur
762 4139 994 4221 Antiphonem,

1218 4272 1318 4324 Modus
1336 4271 1359 4323 l.

169 4363 1464 4580 W

265 4592 620 4680 AdestoDe-us
680 4621 805 4678 unus
838 4597 860 4647 *
892 4600 1230 4701 omnipo-tenc,
1247 4594 1396 4679 Pater
