3090 5094
554 375 614 437 pro
633 356 784 422 Ecclesia
808 358 1012 423 aedificandu.

401 523 481 605 Per
507 530 552 606 te
580 524 769 609 sciamus
797 523 853 610 da
879 525 1067 626 Patrem,

443 625 690 712 Noscimus
719 638 851 735 atque
878 630 1048 732 Filium,

443 730 595 836 Teque
622 731 851 839 utriusque
877 733 1088 842 Spiritum
1137 761 1140 772 ·

443 832 684 920 Credimus
712 839 1067 946 omnitempore.

392 966 488 1049 Deo
514 966 636 1050 Patri
665 967 722 1052 sit
751 968 902 1073 gloria,

441 1069 635 1176 Ejisque
660 1072 744 1156 soli
769 1073 883 1157 Filio

441 1173 552 1258 Cum
576 1175 742 1283 Spiritu
769 1176 1002 1277 Pardelit0,

438 1278 482 1362 N
483 1304 568 1362 unc
596 1287 640 1363 et
664 1305 744 1387 per
772 1305 901 1366 omne
929 1280 1148 1366 saeculum.
1192 1282 1345 1364 Amen.

599 1423 762 1505 Tempore
783 1424 950 1487 Psschuli:

390 1522 489 1604 Deo
516 1520 638 1605 Patri
665 1523 722 1606 sit
749 1523 900 1627 gldria,

440 1624 498 1708 Et
524 1625 649 1728 Fssio,
678 1628 753 1732 qui
780 1628 1016 1712 amortuis

440 1727 648 1831 Surrexit,
674 1756 726 1816 ac
753 1731 984 1832 Periclito,

437 1833 493 1916 In
521 1835 782 1920 saeculorum
803 1836 975 1921 sucula.
1028 1842 1080 1944 lb.
1106 1837 1260 1922 Amn.

209 1974 286 2051 Quo
311 1978 482 2062 inchoato,
509 1979 663 2044 Pontifex
691 1981 881 2063 genuflectit
908 2000 1013 2063 usque
1037 1984 1079 2047 ud
1103 1983 1201 2047 finem
1229 1984 1323 2064 primi
1349 2002 1418 2047 rcr-

131 2089 200 2135 sus,
233 2072 327 2137 Tunc
350 2078 455 2155 surgit
476 2086 576 2157 stunc,
600 2078 727 2140 detecto
752 2080 865 2157 cupite,
891 2097 995 2159 usque
1020 2078 1181 2143 adfinem
1197 2079 1330 2159 Hymni,
1354 2100 1417 2160 quo

130 2167 235 2237 finito,
259 2170 352 2234 dicit:

130 2277 421 2468 Descendit,
455 2287 704 2387 quaesumus
730 2283 920 2368 Domine
947 2285 1068 2370 Deus
1096 2297 1261 2390 noster,
1287 2289 1317 2372 S
1348 2290 1416 2372 iri·

219 2397 291 2471 tus
310 2396 411 2471 tuus
431 2397 606 2471 sanctus
625 2413 757 2493 super
772 2386 884 2472 hanc
903 2387 1081 2473 domum
1100 2391 1300 2477 aedificin
1333 2420 1417 2476 am:

129 2493 205 2596 qui
240 2500 283 2576 et
317 2490 431 2575 dona
464 2500 618 2575 nostra
651 2499 695 2575 et
727 2492 883 2598 populi
912 2494 977 2575 tui
1013 2493 1058 2576 in
1086 2519 1138 2578 ea
1166 2499 1416 2599 sanctificet,

128 2606 172 2679 et
197 2597 338 2702 ipsius
377 2593 514 2680 corda
547 2594 777 2700 digninter
811 2596 1031 2683 emundet.
1083 2599 1168 2683 Per
1196 2600 1417 2687 Christum

126 2700 366 2785 Dominum
391 2708 603 2784 nostrum.
658 2698 708 2800 Ii.
734 2700 888 2786 Amen.

674 2824 870 2915 Oremus.

128 2931 289 3124 Deus,
322 2953 397 3056 qui
423 2952 612 3035 inomni
645 2953 743 3039 loco
772 2951 1083 3038 dominationis
1110 2964 1199 3039 tuae
1227 2955 1415 3039 clemens

223 3079 274 3139 ae
300 3054 515 3161 benignus
543 3057 769 3141 dedicator
796 3059 981 3141 assistis:
1009 3056 1167 3142 exaudi
1191 3084 1272 3143 nos
1301 3065 1415 3164 qus'e·

128 3185 290 3260 sumus,
319 3170 364 3244 et
390 3161 599 3264 coneede3
623 3170 672 3245 ut
698 3161 964 3247 inviolibilis
992 3161 1117 3269 hujus
1143 3162 1231 3247 loci
1248 3168 1415 3270 permi-

126 3272 231 3348 neat
251 3266 531 3366 constructi0,
559 3274 603 3350 et
623 3264 837 3351 beneficia
854 3267 918 3351 tui
936 3267 1128 3351 muneris
1154 3268 1414 3352 universitas

126 3367 343 3468 fidelium,
384 3395 483 3475 quae
526 3369 608 3453 tibi
644 3370 881 3558 supplicat,
923 3375 1151 3504 percipere
1186 3376 1414 3457 mereitur.

126 3474 214 3557 Per
239 3472 476 3557 Dominum
511 3484 712 3558 nostrum
765 3500 887 3559 esum
913 3475 1135 3560 bhristum
1160 3475 1319 3559 Filium
1350 3486 1414 3561 tu·

125 3604 215 3661 um:
261 3576 346 3677 Qui
377 3587 524 3662 tecum
556 3579 663 3663 vivit
697 3588 741 3663 et
772 3606 821 3663 re
851 3588 927 3663 nat
958 3580 1002 3662 in
1036 3581 1203 3665 unitite
1227 3580 1414 3687 Spiritus

127 3681 269 3766 sancti
285 3681 418 3783 Deus,
441 3707 521 3789 per
540 3683 686 3767 omnia
702 3687 791 3766 saec
839 3682 1153 3768 asaeculorum.
1188 3685 1239 3788 Ii.
1261 3684 1414 3770 Arnen.

207 3810 283 3875 Hoc
304 3809 403 3895 facto,
428 3819 560 3893 accepta
584 3812 691 3895 mitra,
715 3812 881 3896 Pontifex,
905 3815 933 3878 si
956 3816 1070 3899 placet,
1094 3816 1213 3879 sedens
1237 3817 1359 3880 ibidem
1381 3818 1415 3879 in

125 3907 330 3990 faldistoriO,
364 3908 558 3972 exhortatur
588 3911 749 3991 populum
780 3910 822 3973 ud
855 3911 1127 3974 contribuendum
1157 3930 1217 3994 pro
1251 3923 1415 3976 structura

125 4004 289 4067 Ecclesiae
310 4021 421 4088 novae,
446 4013 477 4067 et
500 4005 571 4068 aliis
594 4007 800 4088 opportunis.
846 4007 974 4071 Deinde
998 4008 1054 4070 dut
1076 4007 1339 4075 benedictionem
1362 4026 1412 4072 so-

125 4103 279 4182 lemnem,
301 4100 428 4164 dicens:

205 4210 272 4296 Sit
298 4235 458 4295 nomen
484 4209 663 4295 Domini
689 4209 981 4314 benedictum,
1008 4221 1088 4298 etc.

206 4342 251 4406 Et
272 4343 306 4406 in
329 4341 394 4407 fine
418 4344 567 4409 concedit
589 4345 825 4429 indulgentias.
870 4346 934 4411 His
957 4348 1116 4431 expiem,
1146 4349 1174 4411 si
1198 4348 1293 4432 velit,
1320 4360 1417 4431 purat

126 4456 163 4501 se
188 4439 232 4502 ad
259 4439 494 4505 celebrandum
516 4441 655 4506 Missam
681 4443 828 4509 indicto
855 4444 949 4527 loco,
979 4445 1020 4508 de
1042 4444 1162 4508 Sancto
1185 4447 1219 4509 in
1245 4446 1336 4529 cujus
1359 4468 1416 4512 no-

125 4535 216 4597 mine
239 4535 388 4599 Ecclesia
412 4536 578 4602 fundatur.

566 4657 978 4687 ψ
