3090 5094
192 651 491 758 PSALMI
524 652 1182 773 POENITENTIALES

480 815 904 900 omfflfflm

582 989 792 1020 *0⁴24*—

133 1110 395 1223 Antiphono.
434 1118 502 1205 Nc
528 1118 821 1207 reminiscaris
846 1119 1036 1207 Domine
1066 1119 1226 1205 delicta
1259 1145 1333 1222 no-

78 1246 145 1321 ra,
166 1219 237 1306 vel
250 1223 480 1327 parentum
494 1228 763 1311 nostrorum:
780 1252 923 1334 neque
936 1224 1175 1311 vindictam
1188 1248 1334 1309 sumas

78 1353 91 1411 ι
125 1326 321 1432 peccitis
348 1327 508 1412 nostris
535 1327 724 1414 Domine
751 1328 873 1416 Deus
900 1340 1060 1416 noster.

582 1508 735 1572 Psalmus
761 1510 789 1572 o.

78 1579 375 1932 fflomine²
388 1622 663 1711 neinfurore
677 1636 755 1713 tuo
770 1628 929 1729 arguas
942 1624 1335 1730 me‚*nequeinira

235 1734 311 1809 tua
339 1725 551 1833 corripias
578 1754 658 1815 me.

234 1829 443 1917 Miserore
456 1832 541 1917 mei
555 1830 743 1919 Domine
759 1832 965 1938 quoniam
979 1832 1174 1916 infirmus
1189 1833 1335 1915 sumz*

78 1960 150 2021 ma
176 1959 247 2018 me
265 1934 453 2020 Domine
473 1939 679 2044 quoniam
703 1937 965 2024 conturbata
987 1947 1089 2023 sunt
1107 1961 1209 2021 ossa
1226 1960 1334 2021 mea.

128 2038 187 2123 Et
223 2040 369 2125 onima
403 2066 501 2126 mea
535 2042 711 2130 turbata
738 2051 807 2128 est
837 2041 985 2130 valde:
1016 2042 1038 2095 *
1072 2038 1153 2127 sed
1170 2049 1220 2125 tu
1237 2039 1333 2125 'Do-

78 2145 160 2228 ine
185 2144 446 2250 usquequo?

130 2249 400 2334 Convertere
427 2248 635 2349 Domine,
673 2259 717 2335 et
753 2250 874 2358 eripe
907 2251 1096 2335 animam
1126 2250 1336 2335 mcamz*

78 2353 214 2437 rlvum
239 2378 310 2437 me
336 2352 406 2438 fac
433 2364 616 2464 propter
642 2352 990 2441 misericordiam
1015 2363 1148 2440 tuam.
1199 2432 1202 2437 ,
1257 2364 1265 2473 ζ

130 2456 348 2559 Quoniam
374 2468 556 2543 nonest
585 2458 630 2541 in
657 2459 899 2566 mortequi
924 2484 1094 2547 memor
1121 2458 1180 2545 sit
1204 2466 1287 2543 tur:
1314 2458 1336 2508 *

78 2592 85 2644 ι
112 2560 282 2649 inforno
311 2573 458 2649 autem
486 2562 585 2668 quis
612 2562 893 2649 confitebitur
919 2561 1026 2651 tibi?

128 2664 349 2752 Laborovi
373 2668 419 2751 in
435 2668 601 2772 gemitu
626 2693 737 2771 meo,
765 2667 924 2754 lavabo
951 2665 1242 2778 persingulas
1259 2691 1334 2750 no·

78 2770 328 2960 tesblectum
353 2798 517 2858 meum:
552 2771 800 2859 *lacrimis
834 2773 943 2857 meis
978 2782 1164 2859 stratum
1190 2795 1335 2855 meum

78 2901 135 2978 ga
169 2899 208 2959 0.

128 2979 351 3065 Turbotus
377 2990 445 3065 est
472 3006 498 3064 a
523 2980 671 3065 furore
699 2981 852 3066 oculus
879 3007 1020 3067 meus:
1046 2982 1068 3032 *
1094 2977 1334 3065 inveterovi

78 3093 155 3169 iter
183 3109 335 3169 omnes
359 3086 557 3169 inimicos
582 3110 717 3170 meos.

128 3188 355 3273 Discodite
387 3215 413 3273 a
440 3215 511 3274 me
539 3215 709 3291 omnes,
748 3191 822 3298 qui
857 3187 1100 3299 operomini
1135 3186 1333 3293 iniquitat·

78 3319 150 3376 :mz
169 3296 190 3346 *
210 3294 416 3400 quoniam
435 3293 659 3380 exaudivit
672 3295 886 3381 Dominus
906 3316 1061 3379 vocem
1084 3292 1213 3377 fletus
1238 3290 1335 3373 mei.

128 3396 367 3482 Exaudivit
392 3397 607 3482 Dominus
636 3398 993 3505 deprecationem
1018 3421 1171 3497 meam,
1198 3395 1220 3448 *
1245 3396 1334 3478 Do-

78 3503 184 3585 rinus
211 3502 456 3586 oraticnem
482 3528 625 3587 meam
653 3503 858 3611 suscepit.

128 3606 412 3707 Erubescant
423 3617 467 3693 et
476 3606 792 3693 conturbentur
802 3607 1083 3692 vehementer
1093 3628 1246 3690 omnes
1255 3603 1334 3685 ini·

78 3711 144 3795 rici
161 3712 296 3797 meiz*
313 3716 624 3798 convertantur
637 3721 682 3799 et
697 3713 958 3798 eruboscant
973 3709 1102 3796 valde
1115 3707 1335 3794 velociter.

130 3814 282 3900 Gloria
300 3815 429 3899 Patri.
473 3815 595 3902 Sicut
621 3826 727 3917 erat,
755 3828 836 3903 etc.

581 3986 734 4077 Psalmus
757 3988 808 4047 31.

78 4109 200 4295 3eoti
235 4134 422 4216 quorum
456 4114 651 4194 remissae
685 4119 788 4195 sunt
814 4108 1084 4217 iniquitates:
1111 4110 1133 4160 *
1160 4117 1206 4192 et
1228 4134 1334 4215 quo·

128 4241 225 4297 rum
251 4224 369 4300 tecta
397 4223 498 4298 sunt
525 4218 720 4321 peccota.

127 4318 292 4404 Beotus
327 4319 413 4418 vir,
448 4317 517 4402 cui
550 4343 639 4403 non
673 4318 907 4426 imputavit
933 4318 1149 4402 Dominus
1179 4319 1333 4423 pecco·

78 4450 146 4526 rm,
174 4425 196 4475 *
222 4449 303 4509 nec
331 4422 469 4509 estin
495 4423 653 4546 spiritu
679 4425 771 4531 ejus
799 4421 939 4509 dolus.

127 4528 346 4630 Quoniam
371 4527 502 4627 tocui
528 4530 883 4613 mvetcravorunt
909 4548 1012 4611 ossa
1038 4548 1153 4627 mea,
1179 4525 1203 4577 ¹⁸
1230 4521 1336 4609 dum

78 4638 277 4720 ,amorem
304 4642 400 4719 tota
426 4632 509 4717 die.

147 4886 220 4936 Extr.
231 4900 262 4934 ex
273 4884 346 4936 Pont
358 4882 434 4938 Rom.
492 4858 494 4863 ,
