3090 5094
78 242 1467 341 *ψ’-’Ἰ

525 334 573 397 lie
597 334 828 397 lunarii-rimu:
853 338 1043 415 (insparsa.
1370 326 1432 393 133
1460 348 1468 513 Ι

227 492 458 616 Praecinite
485 492 678 579 Domino
704 493 750 575 in
777 492 1069 580 confessiune:
1097 497 1120 549 *
1146 495 1318 602 psallite
1337 496 1434 583 Deo

127 606 293 682 nostro
320 625 365 682 m
391 596 568 682 cithara.

175 800 191 819 .
230 702 310 805 Qui
338 703 483 809 ‹iperit
510 703 672 787 coelum
699 701 904 787 nubibus:
927 706 949 754 *
973 713 1017 788 et
1042 714 1169 810 parat
1191 714 1322 792 terrae
1342 703 1435 812 plu·

140 823 552 1102 {gasiggfipfigducit
583 912 628 995 in
654 910 877 996 mantibus
911 911 1093 997 foenum:
1124 914 1147 966 *
1179 923 1223 998 et
1254 912 1435 999 herbam

429 1042 603 1101 mmum.
1071 1090 1075 1095 .

229 1120 312 1222 Qui
339 1120 416 1206 dat
441 1120 643 1226 jumentis
670 1145 817 1205 escam
843 1123 1055 1229 ipserum:
1073 1124 1094 1172 *
1113 1132 1158 1207 et
1184 1123 1317 1230 pullis
1339 1148 1434 1209 cor·

135 1220 296 1309 Vdrum
323 1225 629 1311 invocantibus
657 1250 767 1309 eum.

129 1413 139 1431 ,
224 1328 329 1414 Non
345 1332 391 1414 in
408 1329 662 1416 fortitudine
687 1330 788 1435 equi
804 1330 1075 1415 voluntatem
1093 1330 1289 1418 habebit:
1311 1334 1334 1383 *
1354 1357 1436 1418 nec

123 1442 180 1503 111
209 1433 330 1519 tssriis
356 1435 440 1520 viri
466 1433 791 1542 beneplacitum
819 1434 901 1519 erit
928 1435 979 1518 ei.

227 1538 559 1647 Beneplacitum
582 1548 650 1624 est
667 1538 859 1623 Dumino
887 1564 1021 1645 super
1046 1539 1251 1626 timentes
1281 1544 1437 1629 eumz*

115 1638 175 1713 et
209 1640 257 1727 in
284 1643 360 1746 eis,
419 1644 464 1728 ui
490 1654 669 1767 sperant
696 1669 829 1750 super
856 1643 1157 1729 misericordia
1184 1647 1287 1751 ejus.

230 1748 384 1835 Glt'rria
447 1761 542 1835 atu.
586 1749 708 1834 Sicut
736 1758 840 1851 eran
869 1757 949 1832 etc.

656 1946 808 2008 isaurus
832 1946 904 2009 Ηῖ.

176 2078 307 2267 agria
341 2080 584 2165 Jerusalem
620 2080 875 2162 Dominum:
911 2083 933 2131 *
968 2078 1099 2164 lauda
1134 2081 1277 2166 Deum
1313 2088 1435 2163 tuum

258 2209 343 2268 ron.

276 2288 453 2371 ueniam
490 2287 754 2372 confortavit
788 2314 909 2373 seras
942 2292 1170 2396 portarum
1197 2291 1436 2373 tuarumz*

86 2355 252 2475 bene
289 2396 299 2417 ¹
331 2394 366 2477 rt
391 2392 492 2476 fuas
519 2394 606 2477 turs
633 2393 677 2476 in
704 2401 760 2477 te.

83 2588 226 2685 Sati
235 2497 321 2601 Qui
343 2498 493 2605 p6suit
516 2498 626 2581 fines
652 2508 754 2583 tuos
778 2521 946 2604 pacem:
966 2500 987 2547 *
1012 2508 1055 2581 et
1079 2496 1208 2604 adipe
1232 2497 1435 2581 frumenti

226 2612 272 2687 at
298 2612 353 2686 te.

234 2706 319 2808 Qui
354 2706 514 2790 emittit
550 2705 772 2811 elaquium
808 2731 934 2788 suum
976 2715 1123 2790 terrae:
1162 2706 1184 2755 *
1223 2705 1436 2791 velociter

78 2798 274 2893 currit
300 2835 446 2895 sermo
475 2810 577 2914 ejus.

234 2914 318 3017 Qui
345 2913 422 2998 dat
447 2914 592 2999 nivem
619 2914 732 2998 sicut
757 2913 917 2997 lanam:
948 2914 970 2963 '³‘
1001 2913 1205 2999 nebulam
1239 2914 1351 2997 sicut
1378 2919 1434 2997 ei·

78 3003 289 3103 ¹¹Qrem
316 3019 494 3141 spargit.
527 3055 530 3059 ¹

127 3204 154 3226 ,
232 3123 369 3208 Mitut
391 3122 645 3231 crystallum
668 3145 792 3204 suam
815 3119 928 3204 sicut
949 3121 1185 3207 buccellas:
1208 3124 1230 3173 *
1254 3132 1355 3207 ante
1373 3121 1434 3204 sa-

78 3212 252 3313 Q‘lem
277 3228 452 3331 frigoris
481 3228 573 3331 ejus
602 3226 698 3333 quis
727 3223 979 3309 sustinebit?

232 3333 416 3418 Emittet
442 3332 625 3418 verbum
653 3356 790 3429 suum,
819 3337 863 3412 et
889 3330 1139 3435 liquefaciet
1166 3356 1236 3414 ca:
1262 3332 1284 3381 ²⁸
1311 3329 1435 3416 flabit

84 3422 320 3537 Rlniritus
349 3438 449 3542 ejus,
477 3450 521 3521 et
548 3437 684 3521 fluent
712 3459 850 3540 aquae.
1374 3442 1377 3449 '

99 3612 114 3631 .
234 3542 319 3644 Qui
339 3542 565 3625 annuntiat
589 3539 771 3625 verbum
798 3564 924 3621 suum
948 3537 1102 3621 Jacob:
1124 3538 1145 3589 *
1169 3539 1376 3643 justitias·
1390 3550 1435 3625 et
1457 3484 1465 3595 i

98 3640 298 3732 iudicia
325 3671 405 3735 sua
431 3645 579 3729 Israel.
1358 3658 1360 3663 '
1458 3656 1464 3751 ᾗ

232 3750 335 3836 Non
361 3749 465 3835 fecit
496 3749 642 3834 taliter
674 3747 792 3832 omni
824 3746 1007 3830 nationi:
1042 3750 1064 3799 ²⁸
1100 3759 1145 3834 et
1170 3749 1329 3854 judicia
1355 3756 1465 3853 sua?¹

120 3860 227 3938 non
253 3854 549 3940 manifestavit
576 3855 650 3939 cis.
1458 3858 1465 3957 ξ

234 3958 387 4043 Glaria
412 3958 544 4042 Patri.
586 3958 708 4043 Sicut
735 3963 841 4055 erat,
871 3966 952 4039 cte.
1459 4004 1462 4011 -

659 4164 814 4227 Psalmis
844 4164 911 4226 l-'i-i.

140 4280 353 4485 Laucssalite
379 4296 618 4381 Dominum
651 4293 708 4379 de
735 4294 877 4379 coelis:
903 4295 926 4347 *
952 4292 1130 4378 laudate
1157 4318 1255 4377 eum
1289 4294 1334 4376 in
1361 4319 1432 4378 ex·

235 4427 261 4487 c
304 4429 375 4486 s1s.
1459 4436 1462 4447 =

223 4505 423 4590 Laudate
451 4530 551 4589 eum
577 4527 730 4589 omnes
756 4502 918 4609 Angeli
944 4504 1054 4608 ejus:
1080 4497 1308 4587 *laudate
1335 4529 1466 4597 eumr

140 4636 295 4697 omnes
322 4611 509 4695 virtutes
537 4610 639 4714 ejus.
1459 4616 1463 4675 ῑ
