3090 5094
580 384 638 429 seu
661 367 927 429 tlonsecretione.

181 752 327 838 locum
344 751 565 839 habita-ti
580 799 594 814 ·
609 754 723 838 onis
750 751 947 857 glori-te
966 763 1100 839 tu·ae.
1117 755 1212 836 sinc
1235 752 1399 840 Gloria.

192 947 265 1012 Atia
290 951 488 1035 Antiphone.
1115 971 1216 1022 nouus
1232 971 1293 1024 un.

172 1663 241 1751 De
267 1710 281 1724 ·
310 1663 348 1766 i,
445 1673 491 1750 et
533 1675 698 1772 por-ta
751 1665 909 1749 coe-li.

192 1840 295 1903 Dictis
312 1837 511 1920 Antiphonis
533 1838 708 1919 praedictis,
731 1845 763 1899 ct
784 1838 983 1920 aspersione,
1007 1846 1041 1899 ut
1060 1838 1280 1920 praemittitur,
1301 1841 1396 1925 facta,

100 1935 256 1999 Pontifex
284 1943 376 2000 stans
405 1955 480 1998 eum
503 1935 600 1996 mitra
626 1935 659 1996 in
681 1933 791 1997 medio
816 1934 972 1997 iicclesiae
995 1952 1113 1998 versus
1137 1936 1180 1997 ad
1205 1936 1307 1999 altare
1329 1955 1395 1999 ma-

100 2033 164 2114 juS,
189 2034 334 2114 inchoat,
358 2041 389 2095 et
411 2032 525 2095 schola
547 2033 769 2114 prosequitur,
793 2028 1033 2111 Antiphonem:

1115 2115 1215 2168 Modus
1231 2115 1292 2168 VII.

101 2188 1401 2438 W

155 2436 301 2522 Vi-dit
335 2436 488 2522 Ja-cob
507 2437 680 2540 scalam,
701 2438 999 2522 *summi-tas
1036 2441 1168 2544 ejus
1189 2437 1329 2522 coelos

183 2812 462 2914 tan-ge-bat,
516 2822 560 2897 et
588 2810 939 2897 descen-dentes
982 2811 1263 2917 Ange-lou,
1304 2823 1348 2898 et

200 3159 246 3244 di
269 3207 283 3222 ·
310 3161 390 3246 xit:
420 3161 556 3247 Vere
613 3162 755 3245 lo-eus
814 3161 933 3248 i·ste
985 3171 1163 3245 sanctus
1190 3170 1268 3245 est.
1291 3121 1400 3131 *-

190 3330 278 3393 Dum
302 3337 449 3391 cantatur
473 3328 662 3408 Antiphone
687 3329 861 3409 proedicto,
893 3328 1046 3391 Pontifex
1075 3340 1168 3392 stans
1199 3349 1272 3392 cum
1298 3333 1395 3394 mitra

96 3432 133 3492 in
157 3427 266 3489 medio
290 3426 445 3488 Ecclesiae
475 3425 619 3506 aspergit
643 3443 763 3505 aquam
790 3443 847 3504 per
871 3424 1109 3506 pavimentum,
1140 3445 1257 3488 versus
1282 3426 1393 3492 Orien·

94 3535 178 3604 tem,
201 3521 422 3605 Occidentem,
444 3521 650 3602 Aquilonem,
675 3530 705 3581 et
728 3519 895 3583 Austrum.

186 3634 295 3700 Finita
317 3636 522 3717 Antiphone,
555 3634 727 3715 Pontifex,
759 3634 910 3715 deposita
938 3637 1051 3719 mitra,
1084 3645 1176 3700 stans
1209 3636 1330 3699 ibidem
1362 3639 1393 3701 in

94 3733 210 3797 medio
234 3722 399 3813 Ecclesiae,
424 3750 604 3795 conuersus
630 3730 672 3792 ud
696 3742 824 3811 portam
848 3732 1069 3814 principalem,
1096 3733 1174 3795 dicit
1198 3735 1393 3815 competenti

97 3848 198 3893 voce:

184 3947 380 4033 Oremus
420 3969 462 4047 Et
484 3968 638 4030 ministri:
666 3944 915 4032 Flecttmus
933 3951 1085 4052 genua.
1114 3948 1164 4053 li„
1195 3949 1373 4035 Levtte.

97 4081 263 4274 Deus,
282 4088 357 4194 qui
379 4087 480 4172 loca
497 4087 663 4210 nomini
681 4096 759 4209 tuo
778 4084 966 4170 dicenda
985 4086 1244 4209 sanctificas,
1264 4085 1396 4171 effun-

192 4191 247 4277 de
266 4219 398 4315 super
416 4192 529 4315 hene
547 4196 761 4276 orationrs
781 4189 961 4313 domum
979 4195 1166 4314 grdtram
1185 4201 1321 4320 tuam3
1347 4202 1396 4277 ut

101 4293 1396 4612 iiaeffiddssdff{diiiiiimpdvssiiindisdddiiffi

101 4529 185 4592 nos
261 4532 315 4588 m.
383 4549 401 4587 ν.
521 4531 585 4590 en.

185 4649 273 4714 Tum
295 4649 417 4714 ibidem
440 4659 542 4731 stans,
566 4648 673 4711 adhuc
694 4666 875 4715 conversus
899 4657 934 4711 ut
955 4651 1057 4732 prino,
1081 4650 1172 4714 dicit:
