3090 5094
182 359 225 425 34
593 361 639 422 lle
663 361 822 424 Ecclesiae
845 361 1061 425 Dedicatione

269 531 310 592 Iit
334 547 400 593 nori
426 531 541 593 dicitur
569 528 686 597 Gloria
707 529 809 615 Patri,
832 531 890 592 sed
914 530 1104 613 Antiphone
1124 530 1284 613 praedicta
1308 530 1467 611 repetitur.

268 636 402 716 Incepta
425 637 531 717 prima
553 636 758 720 Antiphoiia‚
788 636 959 721 Pontifex,
991 645 1116 700 retenta
1139 638 1253 720 mitra,
1284 645 1380 699 stans
1403 644 1469 696 ante

183 731 284 792 altare
307 722 435 812 intingit
457 734 608 813 pollicem
627 732 771 796 dexterae
791 750 908 796 manus
934 735 967 797 in
987 752 1072 814 aqua
1089 733 1256 818 praedicta,
1280 732 1401 796 ultimo
1419 747 1471 812 per

183 844 257 890 eum
279 826 458 912 benedicta,
484 837 614 893 etcum
638 848 691 914 eo,
718 841 749 893 et
773 849 857 911 aqua
880 830 1071 911 hujusmodi
1096 830 1172 893 facit
1196 846 1330 893 crucem
1355 828 1389 889 in
1412 843 1470 888 me·

182 921 237 984 dio
261 924 380 987 tabulae
405 927 525 1008 altaris,
551 926 677 991 dicens:

235 1043 403 1135 anctis
419 1042 575 1126 ficetur
595 1039 681 1124 hoc
699 1039 852 1141 altare,
876 1036 1154 1121 inhonorem
1172 1035 1258 1120 Dei
1277 1034 1472 1142 omnipo

253 1148 405 1248 tentis,
433 1156 477 1231 et
500 1145 706 1250 gloriosae
716 1143 912 1249 Virginis
930 1142 1098 1243 Mariae,
1125 1150 1259 1246 atque
1279 1138 1474 1224 omnium

181 1251 454 1352 Sanctorum,
482 1261 526 1334 et
552 1248 610 1333 ad
627 1274 788 1333 nomen
807 1274 858 1332 ac
876 1246 1134 1332 memoriam
1151 1244 1304 1330 Sancti
1336 1254 1392 1343 N,
1427 1243 1475 1327 In

181 1357 359 1441 nomine
386 1356 450 1439 Pa
469 1373 507 1451 ›1‹
528 1353 630 1455 tris,
667 1365 711 1440 et
745 1353 797 1436 Fi
818 1371 857 1449 ›1‹
875 1351 942 1452 lii,
979 1360 1023 1435 et
1057 1350 1246 1458 Spiritus
1267 1366 1309 1444 ›1‹
1326 1356 1475 1434 sancti

181 1461 277 1544 Pax
303 1459 397 1546 tibi.

271 1614 398 1678 Deinde
423 1611 500 1674 facit
524 1630 566 1675 ex
588 1609 704 1675 eadem
725 1633 810 1694 aqua
832 1632 905 1678 cum
926 1612 1044 1677 eodem
1062 1613 1180 1694 pollice
1202 1618 1347 1691 quatuor
1367 1631 1475 1678 cruces

123 1751 125 1754 >
184 1712 217 1774 in
242 1719 381 1792 quatuor
405 1706 560 1771 cornibus
583 1710 714 1787 altario,
747 1721 896 1792 repeteris
927 1711 959 1772 in
984 1707 1127 1790 qualibet
1150 1725 1244 1771 cruce
1268 1707 1378 1773 verba
1400 1728 1474 1792 prae·

183 1825 295 1873 missa.

273 1893 387 1960 Sancti
401 1901 437 1974 ›1‹
450 1891 568 1958 ficetur
589 1893 655 1958 hoc
677 1890 787 1978 altare,
811 1898 870 1957 etc.
930 1897 1024 1961 Facit
1047 1900 1156 1958 autern
1179 1893 1324 1974 primam
1349 1912 1476 1960 crucem

183 1992 218 2053 in
240 1993 378 2056 dextera
403 2004 494 2076 parte
520 1993 694 2075 posteriori
719 1994 846 2077 aliane,
877 1993 997 2076 idest,
1028 1991 1083 2055 ubi
1106 1989 1223 2071 legitur
1245 1989 1477 2074 Evangelium,

184 2088 365 2152 secundam
394 2091 427 2153 in
456 2091 590 2152 sinistra
612 2096 704 2170 parte
728 2090 883 2153 anteriori
905 2098 1096 2153 transversa
1119 2087 1254 2168 primae,
1287 2088 1424 2151 tertiam
1448 2088 1478 2151 in

184 2185 321 2247 dextera
346 2187 516 2268 anteriori,
551 2194 702 2264 quartam
732 2187 765 2248 in
794 2186 926 2249 sinistra
952 2184 1128 2268 posteriori
1155 2181 1258 2244 tertiae
1287 2189 1479 2248 transversa

184 2280 217 2342 in
241 2281 328 2344 liunc
350 2283 499 2346 modum.

276 3022 349 3102 Quo
373 3022 476 3106 fact0‚
501 3032 532 3085 ct
555 3023 656 3086 finitis
679 3020 884 3105 Antiphona‚
909 3030 941 3083 ct
963 3022 1096 3085 Psalmo
1120 3018 1301 3110 praedietis,
1325 3018 1478 3083 Pontifex

187 3127 277 3184 stans
300 3120 433 3204 ibidem,
458 3119 607 3201 deposita
630 3121 737 3204 mitra,
761 3122 853 3184 dicit:

266 3223 465 3305 Oremus.
509 3244 552 3307 nt
574 3245 728 3307 ministri:
756 3218 1006 3303 Flectamus
1033 3220 1185 3323 genua.
1223 3215 1276 3320 R.
1300 3215 1475 3303 Levate

188 3337 434 3528 Singulare
465 3355 574 3479 illud
632 3356 959 3479 popitiatoriuin
993 3358 1045 3480 in·
1068 3356 1196 3440 altari
1222 3357 1370 3442 crucis
1381 3379 1474 3546 ‘pro

185 3459 1100 3695 1)εὲῗὲἶὲἕὲῗὲἕὲιεῖῗέἐῗῗέῗέξῖἷῗζηέε
1146 3460 1476 3687 iffiifiaiessi

186 3668 1312 3881 lllffttlllitltllaenttlltlltttltllfl
1327 3674 1477 3861 ‘lit

185 3839 303 4000 pidi’s
329 3877 456 3983 huius
482 3837 721 4000 eupolitam
746 3839 992 4000 materiam,
1019 3879 1228 4001 ‚supernis
1248 3839 1477 3965 sac’rificiis

185 3982 486 4105 imbuendam,
512 4008 610 4104 ipsc
632 3992 722 4067 tuae
742 3980 874 4066 ditari
893 3982 1254 4103 sanctificationis
1265 3982 1478 4108 ,ubertate

186 4093 441 4210 praecipias,
469 4111 545 4192 qui
569 4087 792 4209 quondam
816 4086 1003 4209 lapideis
1024 4086 1168 4192 legem
1190 4093 1415 4196 scripsisti
1437 4114 1479 4173 in

189 4191 362 4277 tabulis.
395 4193 482 4276 Per
498 4189 720 4276 Christum
739 4192 979 4276 Dominum
995 4201 1206 4276 nostrum
1247 4203 1300 4306 Εἰ.
1324 4193 1480 4280 Amen

277 4341 433 4406 Oratione
455 4343 594 4425 expleta,
617 4345 771 4409 Pontifex
790 4349 905 4411 circuit
924 4351 1044 4429 septies
1063 4349 1209 4413 tabulam
1229 4350 1353 4434 altaris,
1376 4368 1484 4434 asper·

192 4455 272 4517 gens
297 4458 383 4524 eain,
408 4448 439 4502 et
463 4439 607 4521 stipitem
631 4441 671 4502 dc
696 4461 781 4522 aqua
804 4445 961 4524 praedicta
985 4447 1099 4508 ultimo
1122 4465 1181 4527 pcr
1204 4446 1485 4530 conbenedicta,

191 4552 265 4596 cum
295 4538 482 4616 aspersorio
513 4536 553 4599 de
583 4536 686 4600 herba
717 4539 856 4621 hyssopi
886 4540 992 4625 facto,
1024 4542 1087 4605 hoc
1116 4542 1228 4607 modo.
1275 4542 1379 4611 Stans
1404 4546 1485 4609 enim

191 4640 265 4694 ante
289 4634 432 4696 medium
458 4635 568 4699 altaris
593 4635 724 4699 inchoat
747 4635 979 4721 Antiphonam‚
1003 4648 1035 4700 et
1056 4639 1169 4703 schola
1192 4645 1428 4723 prosequitur:
