3090 5094
226 760 425 863 i·li·us,
472 771 516 846 et
578 763 654 869 Spi
690 808 704 822 ·
744 764 880 847 ritus
920 771 1106 846 sanctus.

177 895 306 958 Deinde
330 897 414 980 dicit,
438 906 528 962 stans
553 902 668 964 eodem
691 899 807 964 modo:

644 1009 838 1091 Oremus.

99 1115 330 1306 Actiones
344 1132 530 1226 nostras,
546 1127 796 1230 quaesumus
811 1121 1010 1222 Domine,
1025 1119 1260 1227 aspirando
1270 1124 1379 1227 pra'e-

195 1230 304 1330 veni,
332 1237 375 1313 et
403 1227 648 1335 adjuvando
672 1230 952 1336 prosequere,
977 1234 1026 1310 ut
1050 1233 1206 1309 cuncta
1230 1233 1380 1308 nostra

95 1333 240 1417 oratio
275 1342 318 1417 et
352 1333 550 1439 operatio
587 1359 613 1416 a
649 1341 694 1417 te
729 1358 821 1416 sem
856 1356 902 1416 er
928 1330 1124 1437 incipiat,
1161 1336 1204 1413 et
1230 1354 1310 1435 per
1336 1336 1381 1413 te

96 1437 443 1544 coeptafiniatur.
467 1438 552 1521 Per
562 1435 783 1521 Christum
839 1445 914 1518 iim
927 1445 1136 1519 nostrum.
1158 1439 1209 1544 lb.
1228 1433 1380 1517 Amen.

180 1577 252 1656 Qua
280 1581 381 1664 dieta,
407 1581 577 1665 Pontifex,
604 1592 735 1664 accepta
761 1582 871 1665 mitra,
899 1580 1082 1662 procumbit
1108 1597 1207 1662 supra
1237 1580 1380 1644 faldisto-

98 1675 184 1737 rium
205 1675 325 1740 ibidem
348 1689 581 1763 praeparatum,
612 1688 643 1741 et
666 1688 814 1743 cantores
838 1678 994 1759 incipiunt
1013 1678 1168 1759 LitaniaS,
1193 1676 1293 1757 (utin
1317 1677 1380 1741 fine

98 1770 196 1851 hujus
226 1772 387 1853 fasciculi)
417 1784 447 1837 et
479 1794 533 1839 eas
565 1785 807 1857 prosequuntur
837 1792 942 1853 usque
979 1772 1041 1835 ibi:
1081 1766 1134 1834 Ab
1165 1766 1254 1831 omni
1282 1767 1381 1850 mam,

98 1864 217 1930 [ubera
234 1881 307 1947 noe,
329 1863 483 1949 Domine,
509 1872 687 1934 exclusive.
719 1872 811 1932 'lunc
830 1887 969 1949 surgens
985 1867 1139 1931 Pontifex
1161 1868 1201 1930 ab
1222 1867 1381 1949 accubitu,

99 1969 131 2022 et
154 1970 244 2025 stans
269 1982 344 2028 cum
365 1967 479 2050 mitra,
509 1967 671 2030 benedicit
693 1966 815 2028 ibidem
844 1983 981 2048 aquam,
1012 1974 1042 2025 ct
1065 1964 1131 2046 sal,
1162 1972 1259 2045 prout
1282 1981 1379 2044 supra

98 2056 244 2122 habetur.
272 2080 347 2143 pag.
373 2057 401 2120 1.
448 2064 587 2145 Expleta
619 2082 711 2144 aquae
741 2062 983 2141 bencdictione,
1013 2058 1166 2122 Pontifex
1192 2068 1283 2124 stans
1312 2061 1381 2123 sine

98 2155 204 2237 mitra,
230 2158 373 2239 aspergit
397 2176 445 2241 se,
471 2170 501 2223 et
522 2162 769 2224 circumstantes
792 2159 951 2239 camilla,
974 2157 1143 2240 inchoans
1167 2158 1283 2220 schola
1306 2173 1380 2237 pro-

99 2261 264 2333 sequente,
287 2253 522 2335 Antiphonem:
1127 2294 1202 2347 llud.
1217 2292 1280 2347 VH.

96 2361 1404 2598 W

184 2595 459 2700 Asper-ges
485 2617 556 2678 me
592 2594 614 2644 *
644 2591 877 2676 Domi-ne
917 2591 1147 2698 bysso-pe,
1201 2601 1245 2676 et

142 3000 262 3057 mun·
295 2972 453 3058 abor:
498 2972 639 3057 lava
672 3017 686 3031 ·
721 2970 790 3057 bis
816 2998 901 3073 me,
942 2983 985 3057 et
1085 2996 1232 3078 super
1261 2972 1344 3053 ni·

157 3378 257 3438 vem
314 3352 370 3439 de
417 3400 430 3414 ·
475 3352 728 3439 abba-bor.

181 3492 256 3572 Qua
283 3496 426 3579 incepta,
458 3497 613 3578 imposita
643 3501 705 3564 sibi
733 3502 845 3584 mitra,
877 3510 968 3567 stans
998 3510 1071 3564 ante
1100 3502 1189 3565 fores
1212 3503 1382 3586 Ecclesia,

96 3591 358 3670 praecedentibus
385 3593 494 3674 ipsum
522 3593 651 3660 duobus
675 3596 847 3678 Acolytbis
872 3617 948 3661 cum
975 3599 1116 3661 candelis
1141 3599 1307 3680 accensiS,
1336 3599 1381 3662 in—

96 3687 178 3767 cipit
199 3688 334 3751 circuire
358 3688 400 3751 ad
419 3707 552 3753 manum
577 3693 755 3775 dexteram,
778 3694 960 3775 procedens
981 3713 1055 3758 cum
1076 3696 1172 3777 clero,
1195 3703 1226 3756 et
1249 3695 1380 3778 popule,

96 3790 128 3844 et
152 3801 330 3865 aspergens
354 3787 523 3867 cumipse
547 3808 631 3868 aqua
655 3789 838 3855 forinsecus
866 3791 1006 3873 parietes
1028 3791 1203 3872 Ecclesiae,
1233 3791 1266 3853 in
1289 3808 1381 3872 supe-

94 3878 177 3942 riori
201 3890 293 3961 parte
316 3898 440 3964 eorum,
465 3892 495 3944 et
517 3887 752 3970 cmmeterium,
777 3887 887 3951 dicens
911 3905 1054 3969 semper:

176 3984 227 4063 ln
255 3981 431 4064 nomine
457 3979 521 4061 Pa
549 3989 589 4068 ἤ(
610 3977 707 4077 tris,
744 3986 788 4062 et
813 3977 865 4061 Fi
893 3998 932 4076 ›1‹
956 3974 1019 4076 lii,
1054 3984 1098 4060 et
1123 3970 1310 4084 Spiritus
1342 3993 1381 4071 ›1‹

95 4084 249 4169 sancti.

177 4209 324 4295 Interim,
348 4213 439 4278 finita
463 4214 550 4279 dicta
569 4215 767 4301 Antiphone,
792 4216 906 4281 schola
929 4223 1038 4279 cantat
1058 4212 1337 4296 llcsponsorium:

166 4616 323 4703 Panda
347 4627 426 4702 -ta
472 4627 539 4703 est
565 4615 739 4702 domus
763 4615 835 4699 Do
888 4660 902 4675 ·
953 4615 1093 4698 mi·ni
1160 4639 1309 4725 super

194 4861 266 4915 nm
284 4864 498 4920 arontam.
1187 4856 1228 4919 ‘a
