3090 5094
547 384 607 447 pro
631 367 782 429 Ecclesia
806 369 1012 432 adificanda.
1400 359 1420 425 9

210 530 394 718 {ocebo
422 533 595 636 iniquos
621 533 714 616 vias
741 544 853 616 tuas:
881 538 900 581 *
929 540 972 616 et
1005 532 1127 638 impii
1160 530 1218 614 ad
1243 540 1288 615 te
1316 556 1416 616 con·

132 644 230 719 vert
258 647 369 719 ntur.

209 739 370 825 Libera
406 764 477 823 me
513 738 568 825 de
604 738 885 863 sanguinibus
922 741 1062 841 Deus,
1103 740 1224 824 Deus
1265 739 1419 824 salutis

112 868 259 948 meae:
286 847 308 897 *
336 852 379 928 et
402 843 639 929 exsultabit
666 845 814 949 lingua
839 870 936 929 mea
963 845 1171 949 iustitiam
1196 854 1327 929 tuam.

208 948 409 1050 Domine,
435 947 552 1033 labia
577 974 675 1033 mea
703 950 888 1057 aperies:
906 956 925 999 *
942 959 986 1035 et
1015 974 1066 1033 os
1092 973 1239 1033 mcum
1259 975 1419 1033 annun-

131 1050 262 1136 tiabit
289 1052 465 1137 laudem
491 1063 622 1137 tuam

211 1157 428 1258 Quoniam
464 1157 501 1241 si
533 1157 750 1242 voluisses
778 1158 1056 1258 sacrificium,
1088 1156 1310 1243 dedissem
1336 1156 1417 1241 uti·

131 1284 235 1365 que:
262 1268 281 1311 *
307 1261 579 1346 holocaustis
605 1286 695 1345 non
723 1260 1021 1347 delectaberis.

208 1365 480 1450 Sacrificium
498 1367 595 1450 Deo
622 1367 802 1473 spiritus
821 1366 1157 1452 contribulatus:
1175 1368 1197 1418 *
1215 1390 1292 1450 cor
1317 1390 1417 1450 con-

131 1473 284 1553 tritum
312 1481 355 1554 et
382 1470 658 1554 humiliatum
683 1471 803 1555 Deus
831 1497 920 1555 non
947 1469 1175 1578 despicies.

207 1573 402 1679 Benigne
428 1574 496 1658 fae
521 1576 710 1659 Domine
737 1576 781 1657 in
807 1574 926 1660 bona
949 1576 1172 1659 voluntate
1199 1583 1277 1658 tua
1299 1573 1419 1658 Sion:

132 1685 151 1725 *
178 1687 228 1763 ut
256 1678 527 1763 aedificentur
553 1682 667 1763 muri
693 1680 718 1762 J
720 1680 945 1764 erusalem.

207 1783 331 1868 Tunc
364 1783 615 1891 acceptabis
642 1784 904 1868 sacrificium
932 1784 1126 1889 justitiae,
1159 1780 1416 1882 oblationes,

131 1895 174 1970 et
203 1887 477 2075 hlolocausta:
512 1894 532 1937 *
566 1899 670 1973 tunc
697 1888 923 1993 imponent
958 1914 1090 1997 super
1127 1887 1265 1973 altare
1295 1894 1419 1969 tuum

129 1995 224 2076 vitu
242 2017 303 2075 oe.

208 2094 361 2179 Gloria
386 2097 518 2199 Patri,
547 2105 590 2180 et
615 2096 740 2197 Filio,
768 2103 787 2146 *
815 2106 859 2181 et
884 2096 1065 2204 Spiritui
1088 2105 1255 2181 sancto.

207 2200 328 2285 Sicut
356 2211 449 2286 erat
476 2202 521 2284 in
547 2201 779 2309 principio,
807 2210 1009 2303 einum,
1036 2212 1081 2288 et
1107 2225 1298 2307 semper,
1325 2199 1347 2250 *
1374 2207 1418 2283 et

128 2305 174 2386 in
199 2304 360 2390 secula
383 2305 655 2391 saeeulorum.
707 2307 859 2392 Arnen.
1191 2352 1194 2356 ·
1229 2350 1231 2355 ·

211 2445 284 2520 Quo
309 2443 410 2522 dicto,
433 2446 588 2509 Pontifex
611 2450 737 2529 spargit
761 2467 881 2529 aquam
904 2449 1110 2514 benedictam
1134 2472 1191 2533 pcr
1214 2456 1325 2516 omnia
1347 2454 1418 2518 fun-

130 2539 301 2622 damonia,
332 2542 359 2604 si
390 2551 465 2605 sunt
492 2556 621 2627 aperta3
653 2545 681 2607 si
707 2563 774 2608 non
801 2556 877 2609 sunt
904 2557 1033 2630 aperta,
1064 2550 1181 2613 circuit
1208 2551 1417 2632 aspergendo

129 2634 344 2699 fundamenta
367 2638 527 2702 Ecclesia
552 2641 731 2723 designata,
753 2641 816 2704 hoc
839 2643 950 2706 modo.
987 2645 1153 2726 Incipiens
1177 2665 1363 2727 aspergere,
1387 2656 1418 2710 ct

129 2732 279 2809 circuire,
303 2734 446 2818 inchoat,
470 2736 583 2800 schola
607 2750 836 2820 prosequente,
858 2739 1096 2821 Antiphonem:

1176 2860 1245 2912 Ton.
1265 2859 1314 2914 VI.

130 2961 494 2973 Ἥ.

252 3194 288 3274 Ο
343 3211 474 3291 quam
500 3186 824 3272 metu-<indus
859 3198 926 3271 est
952 3188 1093 3272 locus
1169 3185 1357 3270 i·ste!*

128 3333 1418 3557 affe-Q

221 3564 275 3622 ve
299 3585 312 3598 ·
336 3565 384 3623 re
414 3566 502 3624 non
538 3550 606 3626 est
636 3540 708 3625 hic
751 3544 777 3623 a
808 3587 822 3599 -
852 3539 1003 3640 li-ud‚
1048 3540 1174 3623 nr-si
1205 3539 1376 3625 domus

127 3687 1415 3924 W

238 3931 307 4016 De
375 3980 388 3993 -
451 3934 482 4033 i,
587 3946 630 4020 et
707 3943 904 4041 por-ta
957 3932 1109 4015 coe-li.

125 4100 1414 4265 Q

153 4280 221 4362 Ps.
249 4283 314 4364 86.
356 4281 657 4368 Fundamenta
686 4287 786 4390 eius.
836 4322 841 4333 ·
915 4281 1017 4365 Eu
1058 4306 1084 4364 o
1125 4307 1153 4364 u
1214 4305 1240 4362 a
1284 4304 1317 4364 e.

659 4422 812 4487 Psalmus
837 4425 888 4487 86.

127 4507 452 4700 Fundamenta
479 4528 573 4651 ejus
591 4527 636 4609 in
662 4527 885 4613 montibus
913 4524 1092 4648 sanetis:
1114 4521 1299 4628 *diligit
1322 4526 1410 4609 Do·

204 4652 346 4710 mrnus
365 4638 515 4735 portas
531 4630 635 4716 Sron
655 4658 787 4737 super
807 4636 952 4715 omma
965 4626 1247 4713 tabernacula
1259 4628 1410 4714 Jacob.
