3090 5094
569 360 626 405 seu
649 340 913 405 Consecratione.
1335 333 1378 399 55

94 505 329 610 Parochis,
365 507 440 613 qui
474 506 745 593 tenuioribus
771 515 967 615 praesunt
992 505 1221 608 Ecclesiis,
1255 507 1375 611 large

97 610 334 696 subvenire
359 610 416 696 ad
443 612 528 696 Dei
553 611 743 714 laudem,
778 621 910 717 atque
936 610 994 696 ad
1020 611 1253 696 Pastorum
1280 615 1376 696 suo·

94 740 408 925 guffiegturupro
429 717 492 801 eis
510 716 747 821 invigilant,
773 716 1029 822 dignitatem
1047 716 1264 820 tuendam,
1291 742 1377 800 non

188 959 308 1023 Postea
330 955 483 1021 Pontifex
507 956 549 1020 ad
572 956 780 1021 fundatorem
804 956 904 1021 dicat:

153 1069 252 1172 cias,
278 1071 411 1158 frater
430 1073 662 1175 carissime,
682 1073 888 1196 quoniam
905 1097 993 1156 non
1009 1076 1268 1178 permittunt
1287 1073 1379 1179 jura

173 1175 393 1262 Ecclesias
410 1178 504 1262 sine
519 1178 740 1280 ministris,
755 1203 806 1262 ac
821 1177 925 1263 dote
939 1177 1195 1260 consecrari.
1223 1179 1378 1279 Quem·

99 1277 339 1365 admodum
373 1282 487 1366 enim
522 1280 604 1366 dos
629 1281 953 1366 matrimonium
979 1281 1280 1384 consequitur,
1316 1283 1378 1366 sic

100 1392 147 1468 et
179 1384 236 1469 ad
262 1386 625 1471 sustentationem
651 1387 949 1471 ministrorum
975 1383 1205 1469 facultates
1231 1411 1378 1471 neces-

99 1488 228 1572 sariae
250 1499 361 1575 sunt.
398 1490 464 1574 Ea
481 1495 630 1596 itaque
648 1492 829 1593 ratione,
855 1490 988 1575 frater
1009 1489 1239 1594 carissime,
1267 1490 1379 1575 scire

99 1592 314 1697 volumus,
342 1604 450 1701 quot
468 1594 739 1698 Sacerdotes,
768 1606 812 1681 et
834 1593 1030 1696 clericos,
1058 1603 1101 1679 et
1123 1594 1293 1698 qualem
1316 1595 1379 1680 eis

98 1696 314 1783 honorem
339 1700 406 1783 vis
434 1698 657 1801 exhibere,
685 1710 728 1785 et
756 1700 811 1785 de
840 1724 927 1804 quo
954 1698 1196 1783 Ecclesiam
1223 1699 1379 1784 dotare

101 1827 185 1909 pro
220 1804 328 1888 onis.
380 1804 449 1907 Et,
475 1813 525 1888 ut
550 1804 785 1909 intelligas,
812 1803 984 1910 qualem
1011 1802 1108 1904 tibi,
1135 1813 1267 1908 atque
1293 1802 1378 1887 hae·

99 1905 197 1991 redr
228 1934 280 1991 us
319 1907 406 1992 tuis
445 1908 677 2010 honorem,
723 1918 767 1993 et
806 1905 1164 1992 commoditatem
1203 1907 1379 2001 exhibet

98 2009 309 2113 Ecclesia,
336 2012 461 2116 scias,
486 2023 536 2098 ut
562 2011 871 2118 gratitudinem
888 2012 1030 2119 ipsam
1050 2010 1106 2095 ad
1124 2010 1378 2097 fundatores

99 2115 325 2236 ostendat,
358 2117 477 2222 quod
504 2144 530 2202 a
556 2117 718 2202 sanctis
743 2115 947 2203 Patribus
976 2122 1188 2201 statutum
1215 2125 1299 2218 est,
1334 2117 1379 2199 in

99 2217 191 2302 drei
208 2219 496 2306 dedicationis
519 2221 815 2307 anniversario
835 2220 1030 2323 solemni,
1055 2220 1308 2306 fundatores
1336 2230 1380 2305 et

99 2327 255 2408 eorum
267 2325 464 2411 haeredes
479 2326 524 2409 in
538 2326 893 2433 processionibus
910 2326 1074 2432 primos
1094 2351 1190 2410 esse
1204 2323 1380 2430 debere;

100 2437 147 2513 et
174 2429 213 2513 si
239 2454 343 2515 casu
369 2429 426 2515 ad
453 2435 692 2535 egestatem
714 2430 1003 2539 pervenerint,
1061 2439 1156 2514 rata
1179 2429 1380 2514 recorda·

123 2532 233 2656 one,
262 2535 459 2620 Ecclesia
485 2535 729 2620 fundatoris
755 2536 873 2643 piam
898 2456 1205 2620 liberalitatem
1232 2558 1380 2639 recog-

94 2641 255 2723 noscrt.
1079 2741 1081 2745 γ
1402 2651 1403 2654 ‘

190 2769 253 2847 Qui
277 2770 319 2833 ad
341 2771 551 2853 interrogata,
574 2781 671 2854 prout
693 2772 755 2836 sibi
776 2774 942 2857 placuerit,
965 2776 1156 2861 respondet,
1180 2780 1306 2863 dequo
1328 2784 1386 2847 fiat

54 2912 56 2966 ,
96 2868 268 2951 publicum
291 2868 556 2952 instrumentum,
582 2869 609 2932 si
635 2887 788 2932 numerus
812 2872 1016 2955 clericorum,
1039 2873 1158 2957 honor,
1182 2884 1212 2937 et
1235 2878 1297 2941 dos
1321 2880 1385 2943 suf-

98 2965 217 3029 ficiens
241 2963 347 3028 fuerit.
391 2964 484 3027 Tunc
515 2965 669 3028 fundator
700 2966 789 3049 ipse,
822 2974 853 3028 et
882 2966 974 3048 plebs
1006 2968 1199 3048 profitentur
1228 2992 1263 3035 sc
1294 2975 1385 3055 jussa

98 3061 272 3124 Pontificis
295 3063 496 3144 impleturos
542 3061 670 3124 Deinde
697 3061 851 3125 Pontifex
879 3063 967 3145 jubet
993 3063 1101 3127 Deum
1129 3066 1297 3151 deprecari
1325 3090 1384 3152 pro

97 3175 162 3237 ec,
186 3159 240 3238 qui
261 3158 444 3223 Ecclesiam
467 3159 667 3241 construxit,
694 3168 724 3222 et
748 3158 888 3245 dotavit,
916 3163 1028 3242 et'pro
1053 3179 1110 3245 eo,
1137 3166 1193 3244 qui
1216 3182 1289 3228 eam
1312 3186 1384 3232 con-

100 3257 227 3318 secrari
254 3256 362 3338 petiit;
394 3264 425 3318 et
453 3255 601 3318 concedit
623 3257 686 3321 illis
710 3265 837 3339 partem
860 3258 893 3320 in
916 3258 1068 3322 omnibus
1091 3260 1205 3345 honio,
1237 3281 1310 3344 quac
1340 3266 1382 3330 ibi

101 3351 177 3414 fieri
199 3353 371 3435 continget.
417 3351 491 3431 Quo
523 3351 630 3436 facte,
661 3353 821 3417 Pontifice
852 3355 900 3418 sic
929 3355 1079 3438 sedente,
1112 3367 1285 3440 antequam
1311 3364 1384 3443 quis

101 3448 285 3511 Ecclesiam
308 3450 517 3533 ingrediatur,
542 3449 654 3513 schola
677 3461 787 3514 cantat
807 3452 1086 3534 Responsorium:

1148 3538 1248 3593 Modus
1261 3541 1282 3594 1.

194 3830 307 3943 nat
358 3851 419 3934 mr
468 3898 482 3912 -
528 3850 574 3934 n
602 3850 833 3935 omi-nus
859 3850 904 3934 in
934 3859 1109 3955 oe-um,
1158 3861 1202 3937 et
1228 3852 1355 3959 ra-prs

98 4019 1383 4215 iffi

204 4234 328 4335 i·ste,
381 4258 510 4339 quem
550 4233 732 4318 ere-xi
776 4233 820 4315 in
860 4232 1325 4334 ti·t11·lum,vo-ca-bi·

101 4366 1383 4610 w
1510 4416 1514 4425 ’

136 4618 251 4694 ⁴tur
279 4608 535 4694 d0·mus·De
605 4655 620 4671 ·
688 4608 723 4713 i,
794 4606 922 4693 etde
951 4606 1217 4692 uni-versis
1245 4632 1343 4712 quae
