3090 5094
560 254 1286 267 ffl-n———a---m-——fl--nu-

506 348 551 407 tu·
579 346 807 407 llcttcriictionc
832 342 1021 423 (Triopion.
1345 342 1406 408 12⁷

199 510 415 611 Quoniam
448 512 579 595 alieni
612 513 940 598 insurrexerunt
974 514 1209 597 adversum
1242 540 1328 615 me,
1362 526 1406 599 et

131 596 250 697 fortes
283 618 551 721 quaesierunt
586 618 774 701 enimam
807 644 966 702 meam:
996 621 1018 669 *
1047 631 1090 702 et
1123 645 1212 702 non
1244 645 1404 726 propo·

135 718 294 804 suerunt
320 721 464 806 Deum
493 733 593 807 ante
622 727 906 829 conspectum
934 749 1070 806 suurn.

161 923 170 942 ,
201 820 313 908 Ecce
340 825 456 909 enim
480 826 602 911 Deus
632 827 808 931 adjuvat
834 854 918 911 me:
949 830 970 877 ’³‘
998 838 1042 911 et
1069 826 1285 912 Dominus
1314 856 1404 913 sus·

129 938 267 1027 ceptor
297 944 364 1014 est
392 931 548 1014 dnimae
575 957 697 1016 meae.

153 1127 163 1143 ·
202 1032 364 1118 Averte
396 1034 511 1118 mala
542 1036 728 1119 inimicis
760 1037 885 1119 meis:
913 1038 934 1087 *
962 1046 1005 1119 et
1036 1036 1081 1117 in
1113 1034 1298 1120 veritete
1331 1047 1407 1121 tua

117 1121 191 1212 dis
217 1135 321 1220 erde
349 1138 459 1222 illos.

243 1240 458 1327 olunterie
476 1244 734 1329 sacrificeibo
755 1243 886 1343 tibi*
912 1252 955 1326 et
976 1243 1222 1328 confitebor
1241 1246 1406 1329 nomini

104 1334 194 1421 tuo
218 1344 422 1432 Domine:
451 1349 655 1453 quoniam
682 1349 846 1433 bonum
873 1357 949 1431 est.

200 1450 416 1551 Quoniam
443 1479 497 1538 ex
524 1455 643 1537 omni
670 1451 953 1538 tribulatione
981 1453 1178 1560 eripuisti
1204 1480 1291 1539 me:
1316 1457 1338 1507 *
1362 1463 1406 1539 et

92 1554 245 1651 Super
270 1554 470 1641 inimicos
497 1584 621 1643 meos
648 1557 851 1665 despexit
880 1557 1032 1641 oculus
1059 1584 1193 1641 meus.

199 1656 351 1743 Gloria
377 1662 507 1763 Patri,
536 1674 580 1747 et
606 1664 730 1761 Filio,
760 1665 781 1713 *
809 1673 853 1745 et
879 1662 1058 1767 Spiritui
1087 1671 1250 1745 sancto.

80 1832 91 1849 .
197 1762 320 1847 Sicut
348 1768 511 1850 eratin
539 1768 769 1875 principi0,
797 1776 841 1849 et
869 1792 997 1866 nunc,
1025 1776 1069 1851 et
1098 1791 1284 1871 semper,
1311 1768 1333 1817 *
1362 1776 1406 1851 et

78 1860 132 1926 ¹¹1
173 1868 346 1953 saecula
374 1872 648 1956 soeculorum.
701 1874 853 1955 Amen.

650 2008 800 2069 l'sttintus
824 2010 876 2067 int.

78 2060 365 2285 Miserere
390 2114 476 2197 mei
502 2115 634 2209 Deus,
661 2116 868 2202 miserere
894 2116 996 2200 mei:
1016 2117 1037 2165 ²*
1057 2113 1263 2220 quoniam
1289 2114 1334 2196 in
1361 2125 1405 2200 te

217 2216 400 2302 confidit
427 2219 571 2302 enima
598 2245 705 2303 mea.

199 2320 256 2405 Et
289 2322 333 2404 in
366 2320 522 2407 umbra
555 2323 722 2407 alatrum
760 2330 933 2410 tuerum
966 2323 1175 2431 sperdbo,
1211 2325 1232 2375 *
1264 2322 1406 2409 donec

78 2412 309 2511 tanseat
335 2427 551 2533 iniquitas.
1442 2454 1448 2479 ¹

201 2530 411 2615 Clametbo
461 2532 518 2617 ad
571 2534 716 2619 Deum
763 2533 1036 2617 altissimum:
1075 2535 1097 2585 *
1136 2534 1280 2616 Deum
1330 2532 1406 2637 qui

78 2620 329 2719 *enereeit
354 2635 472 2718 mihi.

155 2832 173 2851 ,
199 2739 317 2823 Misit
344 2738 400 2825 de
428 2742 555 2842 coelo,
583 2752 627 2827 et
652 2741 854 2827 liberevit
877 2765 962 2824 me:
984 2742 1005 2790 ‘⁸
1027 2737 1150 2824 dedit
1175 2740 1220 2822 in
1248 2744 1407 2847 oppro-

78 2825 257 2927 ’l'lum
283 2844 591 2930 conculcantes
618 2872 699 2931 me.

198 2948 320 3032 Misit
358 2949 481 3033 Deus
520 2948 864 3035 misericordiam
906 2973 1049 3045 suam,
1091 2956 1134 3031 et
1177 2947 1407 3031 veritetem

78 3034 302 3161 {namsi
338 3061 382 3137 et
410 3059 473 3138 eri
505 3056 568 3140 uit
596 3057 784 3138 enimam
811 3079 953 3137 meam
988 3049 1216 3136 demedio
1245 3051 1407 3135 catulo·

78 3151 212 3240 *um
237 3157 429 3242 leonum:
488 3160 643 3242 ormivi
671 3158 969 3244 conturbetus.

201 3260 300 3344 Filii
326 3260 552 3346 hominum
579 3262 734 3348 dentes
764 3266 916 3347 eorum
943 3286 1064 3345 arma
1098 3270 1142 3345 et
1169 3264 1357 3362 sagittae}
1386 3261 1408 3310 *

78 3346 149 3435 et
183 3365 333 3471 lingua
359 3370 511 3450 eorum
538 3366 710 3470 gledius
738 3374 903 3451 acutus.

198 3470 408 3555 Exalttre
436 3497 568 3577 super
596 3472 735 3556 coelos
761 3472 898 3555 Deus:
925 3472 947 3521 *
973 3479 1016 3554 et
1043 3469 1086 3551 in
1119 3493 1293 3553 omnem
1324 3477 1407 3552 ter·

80 3560 209 3657 1⁸iun
236 3574 375 3679 gloria
400 3582 488 3658 tua.

197 3678 427 3785 Lequeum
454 3682 718 3786 paraverunt
739 3677 927 3786 pedibus
952 3677 1076 3760 meis:
1099 3678 1120 3728 *
1146 3685 1190 3762 et
1212 3676 1407 3760 incurva-

91 3782 271 3869 verunt
299 3784 489 3867 enimam
517 3809 670 3868 meam.

201 3885 428 3971 Foderunt
460 3899 560 3972 ante
593 3888 749 3972 feciem
780 3914 923 3972 meam
955 3888 1143 3971 feveam:
1175 3886 1197 3936 *
1231 3893 1276 3969 et
1307 3884 1408 3968 inci-

107 3982 276 4078 derunt
301 3992 347 4074 in
375 4016 482 4076 enm.
1444 4044 1449 4063 ·

200 4096 409 4180 Paretum
437 4122 514 4180 cor
540 4122 686 4179 meum
710 4097 843 4194 Deus,
871 4100 1073 4202 parcitum
1100 4119 1176 4179 cor
1202 4093 1408 4176 meumz*

112 4200 316 4302 cantatio,
347 4211 391 4285 et
417 4200 633 4308 psalmum
661 4198 815 4284 dicam.

202 4305 403 4409 Exsurge
421 4306 561 4407 gloria
577 4330 685 4403 mea,
701 4311 885 4407 exsurge
899 4301 1154 4409 psalterium
1169 4308 1212 4385 et
1226 4297 1408 4383 cithara:

118 4408 136 4461 *
166 4415 299 4494 exsdr
331 4435 401 4493 am
429 4408 633 4493 diluculo.

204 4514 268 4599 Co
332 4514 459 4599 tebor
486 4512 567 4597 tibi
593 4514 636 4595 in
663 4510 840 4619 populis
863 4511 1066 4595 Domine:
1085 4510 1107 4560 *
1127 4519 1171 4593 et
1191 4507 1408 4615 psalmum

121 4619 267 4705 dicam
293 4616 374 4703 tibi
400 4619 446 4701 in
473 4614 703 4702 Gentibus:
