3150 5094
147 238 917 305 la—ssL-a-m—..ss-—m—-m
921 246 1514 271 ...fl-..ffl-qunn—utn-——fl-

148 362 152 373 ·
187 343 249 409 126
562 342 612 403 lle
641 342 871 405 rzsirnlicuuua
896 350 1085 424 ljalupatuc.

278 514 379 601 Tibi
405 517 489 600 soli
518 516 714 624 peccavi,
747 525 790 603 et
817 516 980 601 malum
1007 542 1156 601 coram
1182 527 1226 601 te
1254 516 1357 601 feci:
1383 518 1406 567 *
1432 525 1482 600 ut

184 621 428 723 justificeris
447 622 492 704 in
507 620 782 706 sermonibus
801 624 899 723 tuis,
919 631 962 707 et
981 622 1130 706 vincas
1145 647 1245 705 cum
1263 619 1482 725 judicaris.
1514 620 1519 643 '

225 744 231 757 ·
278 723 394 810 Ecce
423 727 536 811 enim
568 726 613 809 in
644 725 943 831 iniquitatibus
972 729 1213 833 conceptus
1247 751 1360 808 sum:
1386 725 1408 777 *
1436 736 1482 810 et

184 829 228 910 in
253 830 448 934 peccatis
476 832 680 937 concepit
705 857 776 916 me
803 840 943 916 mater
970 858 1078 915 mea.

278 933 394 1019 Ecce
422 936 537 1020 enim
569 936 801 1020 veritatem
833 934 1036 1021 dilexisti:
1067 938 1089 987 *
1117 935 1298 1034 incerta,
1336 942 1379 1019 et
1407 958 1480 1018 oc·

186 1036 302 1121 culta
330 1065 379 1123 sa
412 1040 556 1123 ientiae
583 1050 671 1125 tuae
698 1040 985 1125 manifestasti
1012 1039 1127 1123 mihi.

278 1066 502 1250 Aspdrges
536 1170 607 1229 me
639 1144 773 1250 hysso
808 1170 850 1243 o,
882 1155 927 1230 et
957 1141 1217 1229 mundabor:
1253 1143 1274 1193 *
1309 1140 1480 1226 lavabis

184 1272 264 1348 me,
295 1257 340 1331 et
367 1274 500 1355 super
526 1250 671 1334 nivem
700 1172 950 1333 dealbabor.
1243 1350 1252 1368 ⁸

277 1351 460 1437 Auditui
495 1379 594 1438 meo
636 1352 762 1437 dabis
802 1352 1009 1456 gaudium
1049 1363 1093 1437 et
1132 1352 1341 1436 lactitram:
1376 1351 1399 1403 *
1436 1359 1482 1434 et

187 1455 467 1540 exsultabunt
495 1483 596 1541 ossa
623 1457 859 1541 humiliata.

277 1560 443 1645 Avertc
470 1561 626 1646 faciem
652 1572 773 1647 tuam
800 1588 826 1645 a
853 1562 1046 1668 peccatis
1073 1561 1196 1645 meis:
1215 1559 1237 1611 *
1253 1567 1297 1644 et
1324 1583 1480 1643 omnes

185 1664 436 1770 iniquitates
465 1693 585 1750 meas
613 1665 722 1751 dele.

281 1770 366 1852 Cor
401 1770 611 1856 mundum
647 1794 748 1856 crea
783 1772 827 1854 in
863 1796 933 1855 me
968 1769 1104 1853 Deus:
1137 1770 1159 1820 *
1195 1778 1239 1853 et
1275 1768 1481 1875 spiritum

184 1884 353 1959 rectum
380 1879 541 1959 innova
567 1876 611 1958 in
638 1874 879 1959 visceribus
906 1874 1026 1959 meis

278 1980 347 2063 Ne
378 1981 584 2085 projicias
615 2006 686 2065 me
718 2006 744 2063 a
770 1980 883 2064 facie
911 1989 1001 2064 tua:
1028 1978 1050 2030 *
1078 1987 1122 2062 ct
1147 1977 1355 2085 Spiritum
1384 2002 1481 2060 san-

184 2092 303 2168 ctum
329 2094 453 2167 tuum
480 2110 535 2169 nc
564 2085 736 2169 auferas
764 2110 789 2168 a
816 2111 897 2168 me.

278 2186 435 2272 Redde
468 2189 573 2272 mihi
606 2188 803 2275 laetitiam
840 2188 1042 2272 salutaris
1075 2187 1154 2270 tui:
1189 2187 1210 2237 *
1243 2195 1287 2271 et
1323 2185 1482 2292 spiritu

146 2374 151 2401 ¹
185 2292 413 2400 principali
442 2294 651 2376 confirma
679 2321 760 2380 me.

145 2406 151 2501 l
279 2395 463 2584 lelocebo
490 2399 663 2503 iniquos
691 2400 784 2482 vias
810 2408 925 2483 tuas:
953 2398 974 2448 *
1002 2405 1046 2480 et
1071 2394 1194 2502 impii
1221 2392 1278 2478 ad
1305 2404 1349 2480 te
1377 2420 1480 2480 con·

146 2510 151 2533 ¹
185 2510 281 2583 vert
308 2512 419 2585 ntur.

279 2603 439 2689 Libera
473 2632 543 2691 me
585 2605 640 2691 de
677 2604 957 2709 sanguinibus
992 2607 1129 2705 Deus,
1165 2604 1286 2688 Deus
1323 2604 1478 2689 salutis

145 2772 151 2801 ι
184 2733 310 2792 meae:
337 2712 359 2760 *
386 2722 431 2794 et
458 2711 696 2797 exsultabit
721 2709 867 2814 lingua
892 2734 991 2795 mea
1018 2709 1226 2817 justitiam
1252 2718 1385 2793 tuam.

145 2804 151 2979 Ι
279 2813 479 2915 Domine,
503 2815 620 2899 labia
643 2839 742 2899 mea
766 2815 952 2921 aperies:
969 2816 991 2866 *
1010 2825 1053 2899 et
1079 2839 1128 2898 os
1152 2839 1298 2897 meum
1318 2839 1480 2897 annun·

185 2915 312 3000 tiabit
339 2918 512 3005 laudem
540 2931 671 3004 tuam.

280 3023 497 3125 Quoniam
530 3026 566 3107 si
599 3024 814 3107 voluisses
847 3023 1122 3122 sacrificium,
1150 3021 1373 3108 dedissem
1400 3023 1480 3108 uti-

186 3150 285 3230 que:
312 3126 630 3212 *holocaustis
657 3154 745 3211 non
773 3126 1074 3212 delectaberis.

147 3316 151 3325 ,
279 3231 548 3317 Sacrificium
566 3234 664 3315 Deo
684 3233 864 3338 spiritus
884 3231 1216 3316 contribulatus:
1234 3232 1256 3280 *
1281 3256 1359 3316 cor
1378 3257 1478 3317 con·

146 3332 151 3409 ἓ
186 3337 337 3418 tritum
365 3347 408 3420 et
434 3337 709 3420 humiliatum
735 3336 856 3420 Deus
883 3362 971 3419 non
999 3334 1227 3442 despicies.

145 3422 151 3619 Ξ
185 3542 207 3592 *
263 3439 473 3628 tBegirfgino
497 3441 564 3629 ftac
587 3441 776 3627 DominJe
800 3441 845 3571 in
868 3440 986 3627 bfna
1008 3440 1233 3525 voluntate
1257 3448 1334 3523 tua
1359 3440 1479 3526 Sion:

232 3568 261 3625 u
307 3569 346 3626 ae
379 3575 392 3626 r
426 3570 506 3629 cen
527 3572 579 3628 ur
605 3572 718 3627 murr
772 3570 900 3630 erusa
918 3571 998 3630 em.

278 3647 403 3732 Tunc
418 3649 669 3756 acceptabis
685 3650 945 3733 sacrificium
959 3649 1144 3753 justitiae,
1162 3648 1420 3749 oblationes,
1436 3660 1481 3734 et

184 3747 607 3839 holocausta:*tunc
626 3755 686 3836 im
721 3758 854 3837 onent
869 3778 1002 3860 super
1017 3753 1152 3837 altare
1167 3761 1292 3836 tuum
1303 3754 1478 3839 vitulos.

280 3856 431 3941 Gloria
457 3860 588 3959 Patri,
617 3868 661 3942 et
687 3781 809 3959 Filio,
837 3860 858 3910 *
886 3870 930 3943 et
956 3857 1136 3965 Spiritui
1162 3867 1326 3942 sancto.

269 3962 389 4047 Sicut
417 3974 510 4047 erat
536 3964 581 4045 in
608 3963 840 4068 principio,
870 3972 912 4047 et
935 3987 1066 4063 nunc,
1095 3973 1139 4047 et
1167 3987 1356 4069 semper,
1384 3965 1406 4014 *
1432 3972 1480 4048 et

184 4066 228 4148 in
255 4067 417 4151 saecula
444 4066 716 4152 saeculorum.
769 4068 924 4152 Amen.

713 4206 864 4269 ‘isumus
888 4208 938 4267 233.

189 4304 330 4425 [leus
356 4311 401 4393 in
427 4309 602 4393 nomine
629 4320 705 4393 tuo
735 4308 903 4394 salvum
928 4336 999 4395 me
1026 4310 1150 4395 facz*
1172 4325 1216 4398 et
1241 4309 1286 4393 in
1313 4311 1479 4400 virtute

191 4412 245 4493 l)
279 4422 355 4497 tua
384 4413 528 4520 judica
554 4439 635 4496 me.

269 4516 390 4602 Deus
418 4518 578 4604 exaudi
606 4519 849 4603 orationem
875 4544 1032 4603 meam:
1052 4521 1269 4607 *auribus
1296 4524 1477 4632 percipe

183 4619 315 4706 verba
344 4624 435 4707 oris
461 4625 560 4710 mei.
