<?xml version="1.0" encoding="UTF-8"?>
<!DOCTYPE html PUBLIC "-//W3C//DTD XHTML 1.0 Transitional//EN"
    "http://www.w3.org/TR/xhtml1/DTD/xhtml1-transitional.dtd">
<html xmlns="http://www.w3.org/1999/xhtml" xml:lang="en" lang="en">
 <head>
  <title>
</title>
<meta http-equiv="Content-Type" content="text/html;charset=utf-8" />
  <meta name='ocr-system' content='tesseract 3.04.00' />
  <meta name='ocr-capabilities' content='ocr_page ocr_carea ocr_par ocr_line ocrx_word'/>
</head>
<body>
  <div class='ocr_page' id='page_1' title='image "./ritusbenedictio00churgoog_0096.png"; bbox 0 0 3090 5094; ppageno 0'>
   <div class='ocr_carea' id='block_1_1' title="bbox 574 389 1402 464">
    <p class='ocr_par' dir='ltr' id='par_1_1' title="bbox 574 389 1402 464">
     <span class='ocr_line' id='line_1_1' title="bbox 574 389 1402 464; baseline 0.007 -14"><span class='ocrx_word' id='word_1_1' title='bbox 574 407 633 452; x_wconf 85' lang='lat' dir='ltr'>scu</span> <span class='ocrx_word' id='word_1_2' title='bbox 657 390 926 464; x_wconf 78' lang='lat' dir='ltr'>Consecratione.</span> <span class='ocrx_word' id='word_1_3' title='bbox 1360 389 1402 456; x_wconf 82' lang='lat'>83</span> 
     </span>
    </p>
   </div>
   <div class='ocr_carea' id='block_1_2' title="bbox 59 535 1403 784">
    <p class='ocr_par' dir='ltr' id='par_1_2' title="bbox 59 535 1403 784">
     <span class='ocr_line' id='line_1_2' title="bbox 59 535 1403 741; baseline 0.007 -107"><span class='ocrx_word' id='word_1_4' title='bbox 59 602 61 681; x_wconf 39' lang='lat' dir='ltr'>p</span> <span class='ocrx_word' id='word_1_5' title='bbox 102 551 402 741; x_wconf 44' lang='lat' dir='ltr'>mullggiminus</span> <span class='ocrx_word' id='word_1_6' title='bbox 422 551 546 637; x_wconf 86' lang='lat' dir='ltr'>dabit</span> <span class='ocrx_word' id='word_1_7' title='bbox 562 552 747 638; x_wconf 86' lang='lat' dir='ltr'>verbum</span> <span class='ocrx_word' id='word_1_8' title='bbox 765 535 1179 657; x_wconf 67' lang='lat' dir='ltr'>evangelizantibus,</span> <span class='ocrx_word' id='word_1_9' title='bbox 1196 558 1218 610; x_wconf 83' lang='lat'>*</span> <span class='ocrx_word' id='word_1_10' title='bbox 1239 559 1403 644; x_wconf 76' lang='lat' dir='ltr'>virtite</span> 
     </span>
     <span class='ocr_line' id='line_1_3' title="bbox 59 720 257 784; baseline 0 -45"><span class='ocrx_word' id='word_1_11' title='bbox 59 738 61 784; x_wconf 34' lang='lat' dir='ltr'><strong><em>J</em></strong></span> <span class='ocrx_word' id='word_1_12' title='bbox 248 720 257 739; x_wconf 93' lang='lat'><strong>.</strong></span> 
     </span>
    </p>
   </div>
   <div class='ocr_carea' id='block_1_3' title="bbox 59 770 1457 1205">
    <p class='ocr_par' dir='ltr' id='par_1_3' title="bbox 59 770 1457 982">
     <span class='ocr_line' id='line_1_4' title="bbox 59 770 1457 881; baseline 0.004 -26"><span class='ocrx_word' id='word_1_13' title='bbox 59 812 61 829; x_wconf 81' lang='lat'><em>=</em></span> <span class='ocrx_word' id='word_1_14' title='bbox 183 773 283 858; x_wconf 82' lang='lat' dir='ltr'>Rex</span> <span class='ocrx_word' id='word_1_15' title='bbox 312 772 524 856; x_wconf 80' lang='lat' dir='ltr'>virttitum</span> <span class='ocrx_word' id='word_1_16' title='bbox 552 771 704 856; x_wconf 75' lang='lat' dir='ltr'>dilecti</span> <span class='ocrx_word' id='word_1_17' title='bbox 732 770 897 856; x_wconf 75' lang='lat' dir='ltr'>dilecti:</span> <span class='ocrx_word' id='word_1_18' title='bbox 930 778 949 820; x_wconf 90' lang='lat'>*</span> <span class='ocrx_word' id='word_1_19' title='bbox 980 785 1024 860; x_wconf 91' lang='lat' dir='ltr'>et</span> <span class='ocrx_word' id='word_1_20' title='bbox 1051 778 1217 881; x_wconf 74' lang='lat' dir='ltr'>speciei</span> <span class='ocrx_word' id='word_1_21' title='bbox 1246 777 1403 863; x_wconf 92' lang='lat' dir='ltr'>domus</span> <span class='ocrx_word' id='word_1_22' title='bbox 1454 804 1457 808; x_wconf 53' lang='lat'><strong><em>⁴</em></strong></span> 
     </span>
     <span class='ocr_line' id='line_1_5' title="bbox 104 873 488 982; baseline -0.005 -23"><span class='ocrx_word' id='word_1_23' title='bbox 104 873 307 962; x_wconf 83' lang='lat' dir='ltr'>dividere</span> <span class='ocrx_word' id='word_1_24' title='bbox 334 875 488 982; x_wconf 70' lang='lat' dir='ltr'>spolia.</span> 
     </span>
    </p>

    <p class='ocr_par' dir='ltr' id='par_1_4' title="bbox 183 991 1403 1098">
     <span class='ocr_line' id='line_1_6' title="bbox 183 991 1403 1098; baseline 0.003 -21"><span class='ocrx_word' id='word_1_25' title='bbox 183 992 229 1078; x_wconf 92' lang='lat' dir='ltr'>Si</span> <span class='ocrx_word' id='word_1_26' title='bbox 254 993 484 1078; x_wconf 69' lang='lat' dir='ltr'>dormistis</span> <span class='ocrx_word' id='word_1_27' title='bbox 502 994 618 1078; x_wconf 91' lang='lat' dir='ltr'>inter</span> <span class='ocrx_word' id='word_1_28' title='bbox 636 991 808 1076; x_wconf 72' lang='lat' dir='ltr'>medios</span> <span class='ocrx_word' id='word_1_29' title='bbox 829 991 982 1093; x_wconf 87' lang='lat' dir='ltr'>eleros,</span> <span class='ocrx_word' id='word_1_30' title='bbox 1005 1019 1163 1098; x_wconf 90' lang='lat' dir='ltr'>pennae</span> <span class='ocrx_word' id='word_1_31' title='bbox 1184 996 1403 1082; x_wconf 78' lang='lat' dir='ltr'>colimbae</span> 
     </span>
    </p>

    <p class='ocr_par' dir='ltr' id='par_1_5' title="bbox 105 1094 1404 1205">
     <span class='ocr_line' id='line_1_7' title="bbox 105 1094 1404 1205; baseline 0.002 -25"><span class='ocrx_word' id='word_1_32' title='bbox 105 1094 419 1202; x_wconf 58' lang='lat' dir='ltr'>deargentatas,</span> <span class='ocrx_word' id='word_1_33' title='bbox 436 1103 455 1145; x_wconf 90' lang='lat'><strong><em>*</em></strong></span> <span class='ocrx_word' id='word_1_34' title='bbox 470 1107 515 1182; x_wconf 86' lang='lat' dir='ltr'>ct</span> <span class='ocrx_word' id='word_1_35' title='bbox 528 1096 779 1204; x_wconf 75' lang='lat' dir='ltr'>postericira</span> <span class='ocrx_word' id='word_1_36' title='bbox 799 1094 920 1179; x_wconf 91' lang='lat' dir='ltr'>dorsi</span> <span class='ocrx_word' id='word_1_37' title='bbox 937 1097 1029 1202; x_wconf 83' lang='lat' dir='ltr'>ejus</span> <span class='ocrx_word' id='word_1_38' title='bbox 1048 1098 1094 1180; x_wconf 90' lang='lat' dir='ltr'>in</span> <span class='ocrx_word' id='word_1_39' title='bbox 1108 1098 1278 1205; x_wconf 73' lang='lat' dir='ltr'>pallere</span> <span class='ocrx_word' id='word_1_40' title='bbox 1297 1103 1404 1184; x_wconf 87' lang='lat' dir='ltr'>auri.</span> 
     </span>
    </p>
   </div>
   <div class='ocr_carea' id='block_1_4' title="bbox 103 1211 1402 1645">
    <p class='ocr_par' dir='ltr' id='par_1_6' title="bbox 103 1211 1402 1423">
     <span class='ocr_line' id='line_1_8' title="bbox 183 1211 1402 1318; baseline 0.004 -22"><span class='ocrx_word' id='word_1_41' title='bbox 183 1213 302 1297; x_wconf 92' lang='lat' dir='ltr'>Dum</span> <span class='ocrx_word' id='word_1_42' title='bbox 329 1212 540 1298; x_wconf 79' lang='lat' dir='ltr'>discernit</span> <span class='ocrx_word' id='word_1_43' title='bbox 557 1211 753 1296; x_wconf 76' lang='lat' dir='ltr'>coelestis</span> <span class='ocrx_word' id='word_1_44' title='bbox 777 1236 903 1316; x_wconf 87' lang='lat' dir='ltr'>reges</span> <span class='ocrx_word' id='word_1_45' title='bbox 923 1237 1057 1318; x_wconf 89' lang='lat' dir='ltr'>super</span> <span class='ocrx_word' id='word_1_46' title='bbox 1080 1239 1188 1314; x_wconf 87' lang='lat' dir='ltr'>eam,</span> <span class='ocrx_word' id='word_1_47' title='bbox 1211 1215 1311 1299; x_wconf 90' lang='lat' dir='ltr'>nive</span> <span class='ocrx_word' id='word_1_48' title='bbox 1331 1215 1402 1301; x_wconf 91' lang='lat' dir='ltr'>de·</span> 
     </span>
     <span class='ocr_line' id='line_1_9' title="bbox 103 1314 1356 1423; baseline 0.003 -25"><span class='ocrx_word' id='word_1_49' title='bbox 103 1314 373 1401; x_wconf 77' lang='lat' dir='ltr'>albabtintur</span> <span class='ocrx_word' id='word_1_50' title='bbox 400 1316 445 1397; x_wconf 92' lang='lat' dir='ltr'>in</span> <span class='ocrx_word' id='word_1_51' title='bbox 472 1316 665 1400; x_wconf 89' lang='lat' dir='ltr'>Selmon:</span> <span class='ocrx_word' id='word_1_52' title='bbox 692 1318 714 1366; x_wconf 80' lang='lat'><strong>*</strong></span> <span class='ocrx_word' id='word_1_53' title='bbox 740 1340 867 1398; x_wconf 91' lang='lat' dir='ltr'>mons</span> <span class='ocrx_word' id='word_1_54' title='bbox 893 1316 990 1417; x_wconf 87' lang='lat' dir='ltr'>Dei,</span> <span class='ocrx_word' id='word_1_55' title='bbox 1017 1342 1143 1401; x_wconf 93' lang='lat' dir='ltr'>mons</span> <span class='ocrx_word' id='word_1_56' title='bbox 1169 1318 1356 1423; x_wconf 84' lang='lat' dir='ltr'>pinguis.</span> 
     </span>
    </p>

    <p class='ocr_par' dir='ltr' id='par_1_7' title="bbox 103 1436 1402 1645">
     <span class='ocr_line' id='line_1_10' title="bbox 183 1436 1402 1545; baseline 0.003 -26"><span class='ocrx_word' id='word_1_57' title='bbox 183 1437 312 1520; x_wconf 87' lang='lat' dir='ltr'>Mons</span> <span class='ocrx_word' id='word_1_58' title='bbox 340 1438 609 1544; x_wconf 62' lang='lat' dir='ltr'>coagulatus,</span> <span class='ocrx_word' id='word_1_59' title='bbox 636 1461 763 1519; x_wconf 90' lang='lat' dir='ltr'>mons</span> <span class='ocrx_word' id='word_1_60' title='bbox 790 1436 984 1543; x_wconf 85' lang='lat' dir='ltr'>pinguis:</span> <span class='ocrx_word' id='word_1_61' title='bbox 1007 1444 1025 1486; x_wconf 91' lang='lat'><strong>*</strong></span> <span class='ocrx_word' id='word_1_62' title='bbox 1051 1447 1100 1522; x_wconf 87' lang='lat' dir='ltr'>ut</span> <span class='ocrx_word' id='word_1_63' title='bbox 1128 1436 1236 1542; x_wconf 89' lang='lat' dir='ltr'>quid</span> <span class='ocrx_word' id='word_1_64' title='bbox 1263 1441 1402 1545; x_wconf 93' lang='lat' dir='ltr'>suspi-</span> 
     </span>
     <span class='ocr_line' id='line_1_11' title="bbox 103 1538 771 1645; baseline -0.003 -21"><span class='ocrx_word' id='word_1_65' title='bbox 103 1541 268 1624; x_wconf 68' lang='lat' dir='ltr'>cemini</span> <span class='ocrx_word' id='word_1_66' title='bbox 294 1552 467 1627; x_wconf 87' lang='lat' dir='ltr'>montes</span> <span class='ocrx_word' id='word_1_67' title='bbox 489 1538 771 1645; x_wconf 68' lang='lat' dir='ltr'>coagulatos?</span> 
     </span>
    </p>
   </div>
   <div class='ocr_carea' id='block_1_5' title="bbox 101 1655 1401 1847">
    <p class='ocr_par' dir='ltr' id='par_1_8' title="bbox 101 1655 1401 1847">
     <span class='ocr_line' id='line_1_12' title="bbox 182 1655 1401 1765; baseline 0.003 -27"><span class='ocrx_word' id='word_1_68' title='bbox 182 1656 326 1758; x_wconf 85' lang='lat' dir='ltr'>Mons,</span> <span class='ocrx_word' id='word_1_69' title='bbox 348 1658 394 1741; x_wconf 89' lang='lat' dir='ltr'>in</span> <span class='ocrx_word' id='word_1_70' title='bbox 452 1683 510 1743; x_wconf 92' lang='lat' dir='ltr'>uo</span> <span class='ocrx_word' id='word_1_71' title='bbox 544 1657 874 1765; x_wconf 62' lang='lat' dir='ltr'>beneplacitum</span> <span class='ocrx_word' id='word_1_72' title='bbox 905 1666 973 1741; x_wconf 90' lang='lat' dir='ltr'>est</span> <span class='ocrx_word' id='word_1_73' title='bbox 999 1658 1096 1740; x_wconf 88' lang='lat' dir='ltr'>Deo</span> <span class='ocrx_word' id='word_1_74' title='bbox 1128 1655 1329 1743; x_wconf 67' lang='lat' dir='ltr'>habitere</span> <span class='ocrx_word' id='word_1_75' title='bbox 1357 1661 1401 1742; x_wconf 90' lang='lat' dir='ltr'>in</span> 
     </span>
     <span class='ocr_line' id='line_1_13' title="bbox 101 1684 1146 1847; baseline -0.003 -4"><span class='ocrx_word' id='word_1_76' title='bbox 101 1783 176 1843; x_wconf 87' lang='lat' dir='ltr'>eo:</span> <span class='ocrx_word' id='word_1_77' title='bbox 202 1762 224 1810; x_wconf 79' lang='grc'>*</span> <span class='ocrx_word' id='word_1_78' title='bbox 248 1762 411 1845; x_wconf 73' lang='lat' dir='ltr'>etenim</span> <span class='ocrx_word' id='word_1_79' title='bbox 422 1684 656 1847; x_wconf 45' lang='grc'><strong>1161111111</strong></span> <span class='ocrx_word' id='word_1_80' title='bbox 682 1759 902 1845; x_wconf 71' lang='lat' dir='ltr'>habitsbit</span> <span class='ocrx_word' id='word_1_81' title='bbox 930 1761 975 1841; x_wconf 93' lang='lat' dir='ltr'>in</span> <span class='ocrx_word' id='word_1_82' title='bbox 1002 1759 1146 1842; x_wconf 86' lang='lat' dir='ltr'>finem.</span> 
     </span>
    </p>
   </div>
   <div class='ocr_carea' id='block_1_6' title="bbox 57 1872 1401 2418">
    <p class='ocr_par' dir='ltr' id='par_1_9' title="bbox 57 1872 1401 2418">
     <span class='ocr_line' id='line_1_14' title="bbox 57 1872 1400 1980; baseline 0.001 -22"><span class='ocrx_word' id='word_1_83' title='bbox 57 1876 59 1945; x_wconf 83' lang='grc'>1</span> <span class='ocrx_word' id='word_1_84' title='bbox 180 1875 345 1961; x_wconf 91' lang='lat' dir='ltr'>Currus</span> <span class='ocrx_word' id='word_1_85' title='bbox 365 1877 451 1961; x_wconf 92' lang='lat' dir='ltr'>Dei</span> <span class='ocrx_word' id='word_1_86' title='bbox 468 1876 622 1961; x_wconf 90' lang='lat' dir='ltr'>decem</span> <span class='ocrx_word' id='word_1_87' title='bbox 636 1874 831 1959; x_wconf 92' lang='lat' dir='ltr'>millibus</span> <span class='ocrx_word' id='word_1_88' title='bbox 845 1872 1088 1980; x_wconf 82' lang='lat' dir='ltr'>mitltiplex,</span> <span class='ocrx_word' id='word_1_89' title='bbox 1099 1873 1236 1958; x_wconf 86' lang='lat' dir='ltr'>millia</span> <span class='ocrx_word' id='word_1_90' title='bbox 1250 1873 1400 1962; x_wconf 73' lang='lat' dir='ltr'>laetzin·</span> 
     </span>
     <span class='ocr_line' id='line_1_15' title="bbox 100 1978 1155 2065; baseline -0.003 -3"><span class='ocrx_word' id='word_1_91' title='bbox 100 1979 229 2062; x_wconf 87' lang='lat' dir='ltr'>tium:</span> <span class='ocrx_word' id='word_1_92' title='bbox 255 1983 277 2031; x_wconf 80' lang='grc'>*</span> <span class='ocrx_word' id='word_1_93' title='bbox 303 1980 520 2065; x_wconf 73' lang='grc'><strong>1161111111</strong></span> <span class='ocrx_word' id='word_1_94' title='bbox 547 2008 593 2063; x_wconf 93' lang='lat' dir='ltr'>1n</span> <span class='ocrx_word' id='word_1_95' title='bbox 623 2006 687 2064; x_wconf 84' lang='lat' dir='ltr'>ers</span> <span class='ocrx_word' id='word_1_96' title='bbox 714 2005 758 2060; x_wconf 90' lang='lat' dir='ltr'><strong>m</strong></span> <span class='ocrx_word' id='word_1_97' title='bbox 786 1978 890 2062; x_wconf 89' lang='lat' dir='ltr'>Sma</span> <span class='ocrx_word' id='word_1_98' title='bbox 916 2004 962 2059; x_wconf 89' lang='lat' dir='ltr'>1n</span> <span class='ocrx_word' id='word_1_99' title='bbox 990 1986 1155 2061; x_wconf 77' lang='lat' dir='ltr'>sancto,</span> 
     </span>
     <span class='ocr_line' id='line_1_16' title="bbox 181 2098 1401 2208; baseline 0.001 -24"><span class='ocrx_word' id='word_1_100' title='bbox 181 2099 437 2186; x_wconf 81' lang='lat' dir='ltr'>Ascendisti</span> <span class='ocrx_word' id='word_1_101' title='bbox 463 2102 509 2184; x_wconf 92' lang='lat' dir='ltr'>in</span> <span class='ocrx_word' id='word_1_102' title='bbox 536 2101 685 2202; x_wconf 86' lang='lat' dir='ltr'>altum,</span> <span class='ocrx_word' id='word_1_103' title='bbox 713 2100 872 2208; x_wconf 84' lang='lat' dir='ltr'>cepisti</span> <span class='ocrx_word' id='word_1_104' title='bbox 899 2098 1217 2204; x_wconf 64' lang='lat' dir='ltr'>captivitatem:</span> <span class='ocrx_word' id='word_1_105' title='bbox 1239 2108 1258 2148; x_wconf 91' lang='lat'><strong>*</strong></span> <span class='ocrx_word' id='word_1_106' title='bbox 1280 2126 1401 2185; x_wconf 87' lang='lat' dir='ltr'>acce·</span> 
     </span>
     <span class='ocr_line' id='line_1_17' title="bbox 57 2203 726 2315; baseline 0.003 -31"><span class='ocrx_word' id='word_1_107' title='bbox 57 2249 59 2315; x_wconf 56' lang='lat' dir='ltr'>r</span> <span class='ocrx_word' id='word_1_108' title='bbox 100 2203 210 2308; x_wconf 92' lang='lat' dir='ltr'>pisti</span> <span class='ocrx_word' id='word_1_109' title='bbox 238 2204 355 2289; x_wconf 87' lang='lat' dir='ltr'>dona</span> <span class='ocrx_word' id='word_1_110' title='bbox 380 2205 426 2288; x_wconf 93' lang='lat' dir='ltr'>in</span> <span class='ocrx_word' id='word_1_111' title='bbox 453 2204 726 2289; x_wconf 87' lang='lat' dir='ltr'>hominibus:</span> 
     </span>
     <span class='ocr_line' id='line_1_18' title="bbox 181 2315 1401 2418; baseline 0.001 -19"><span class='ocrx_word' id='word_1_112' title='bbox 181 2315 358 2401; x_wconf 82' lang='lat' dir='ltr'><strong>Etenim</strong></span> <span class='ocrx_word' id='word_1_113' title='bbox 384 2341 473 2401; x_wconf 89' lang='lat' dir='ltr'>non</span> <span class='ocrx_word' id='word_1_114' title='bbox 500 2316 744 2418; x_wconf 75' lang='lat' dir='ltr'>credentes,</span> <span class='ocrx_word' id='word_1_115' title='bbox 768 2317 790 2368; x_wconf 85' lang='lat'>*</span> <span class='ocrx_word' id='word_1_116' title='bbox 813 2315 1061 2400; x_wconf 62' lang='lat' dir='ltr'>inhabitare</span> <span class='ocrx_word' id='word_1_117' title='bbox 1079 2316 1227 2398; x_wconf 80' lang='lat' dir='ltr'><strong>Dfium</strong></span> <span class='ocrx_word' id='word_1_118' title='bbox 1245 2316 1401 2400; x_wconf 88' lang='lat' dir='ltr'>Deum.</span> 
     </span>
    </p>
   </div>
   <div class='ocr_carea' id='block_1_7' title="bbox 100 2436 1401 2627">
    <p class='ocr_par' dir='ltr' id='par_1_10' title="bbox 100 2436 1401 2627">
     <span class='ocr_line' id='line_1_19' title="bbox 179 2436 1401 2543; baseline 0 -23"><span class='ocrx_word' id='word_1_119' title='bbox 179 2438 449 2524; x_wconf 80' lang='lat' dir='ltr'>Benedictus</span> <span class='ocrx_word' id='word_1_120' title='bbox 464 2438 681 2523; x_wconf 74' lang='lat' dir='ltr'>Dominus</span> <span class='ocrx_word' id='word_1_121' title='bbox 697 2438 769 2523; x_wconf 89' lang='lat' dir='ltr'>die</span> <span class='ocrx_word' id='word_1_122' title='bbox 786 2436 998 2543; x_wconf 84' lang='lat' dir='ltr'>quotidie:</span> <span class='ocrx_word' id='word_1_123' title='bbox 1009 2442 1028 2484; x_wconf 89' lang='lat'>*</span> <span class='ocrx_word' id='word_1_124' title='bbox 1038 2440 1303 2541; x_wconf 69' lang='lat' dir='ltr'>presperum</span> <span class='ocrx_word' id='word_1_125' title='bbox 1316 2437 1401 2522; x_wconf 86' lang='lat' dir='ltr'>iter</span> 
     </span>
     <span class='ocr_line' id='line_1_20' title="bbox 100 2539 1121 2627; baseline -0.001 -5"><span class='ocrx_word' id='word_1_126' title='bbox 100 2539 237 2627; x_wconf 61' lang='lat' dir='ltr'>ficiet</span> <span class='ocrx_word' id='word_1_127' title='bbox 264 2541 393 2627; x_wconf 91' lang='lat' dir='ltr'>nobis</span> <span class='ocrx_word' id='word_1_128' title='bbox 419 2544 543 2627; x_wconf 92' lang='lat' dir='ltr'>Deus</span> <span class='ocrx_word' id='word_1_129' title='bbox 570 2542 828 2627; x_wconf 65' lang='lat' dir='ltr'>salutarium</span> <span class='ocrx_word' id='word_1_130' title='bbox 856 2545 1121 2625; x_wconf 71' lang='lat' dir='ltr'>nostrerum.</span> 
     </span>
    </p>
   </div>
   <div class='ocr_carea' id='block_1_8' title="bbox 98 2660 1401 2852">
    <p class='ocr_par' dir='ltr' id='par_1_11' title="bbox 98 2660 1401 2852">
     <span class='ocr_line' id='line_1_21' title="bbox 179 2660 1401 2765; baseline 0 -21"><span class='ocrx_word' id='word_1_131' title='bbox 179 2661 301 2745; x_wconf 88' lang='lat' dir='ltr'>Deus</span> <span class='ocrx_word' id='word_1_132' title='bbox 329 2674 496 2765; x_wconf 90' lang='lat' dir='ltr'>noster,</span> <span class='ocrx_word' id='word_1_133' title='bbox 532 2665 654 2747; x_wconf 88' lang='lat' dir='ltr'>Deus</span> <span class='ocrx_word' id='word_1_134' title='bbox 687 2663 833 2747; x_wconf 86' lang='lat' dir='ltr'>salvos</span> <span class='ocrx_word' id='word_1_135' title='bbox 867 2660 1074 2746; x_wconf 79' lang='lat' dir='ltr'>faciendi:</span> <span class='ocrx_word' id='word_1_136' title='bbox 1102 2666 1121 2708; x_wconf 88' lang='grc'>*</span> <span class='ocrx_word' id='word_1_137' title='bbox 1149 2669 1194 2744; x_wconf 86' lang='lat' dir='ltr'>et</span> <span class='ocrx_word' id='word_1_138' title='bbox 1220 2662 1401 2746; x_wconf 73' lang='lat' dir='ltr'>Demini</span> 
     </span>
     <span class='ocr_line' id='line_1_22' title="bbox 98 2762 648 2852; baseline 0.005 -5"><span class='ocrx_word' id='word_1_139' title='bbox 98 2762 281 2848; x_wconf 79' lang='lat' dir='ltr'>Dtimini</span> <span class='ocrx_word' id='word_1_140' title='bbox 311 2767 455 2852; x_wconf 78' lang='lat' dir='ltr'>exitus</span> <span class='ocrx_word' id='word_1_141' title='bbox 482 2768 648 2851; x_wconf 90' lang='lat' dir='ltr'>mortis.</span> 
     </span>
    </p>
   </div>
   <div class='ocr_carea' id='block_1_9' title="bbox 98 2879 1399 3173">
    <p class='ocr_par' dir='ltr' id='par_1_12' title="bbox 98 2879 1399 3173">
     <span class='ocr_line' id='line_1_23' title="bbox 178 2879 1399 2987; baseline -0.002 -22"><span class='ocrx_word' id='word_1_142' title='bbox 178 2880 497 2968; x_wconf 84' lang='lat' dir='ltr'>Veritmtamen</span> <span class='ocrx_word' id='word_1_143' title='bbox 524 2885 646 2968; x_wconf 89' lang='lat' dir='ltr'>Deus</span> <span class='ocrx_word' id='word_1_144' title='bbox 675 2883 919 2987; x_wconf 80' lang='lat' dir='ltr'>confringet</span> <span class='ocrx_word' id='word_1_145' title='bbox 947 2886 1000 2965; x_wconf 69' lang='lat' dir='ltr'>ct</span> <span class='ocrx_word' id='word_1_146' title='bbox 1033 2881 1096 2963; x_wconf 90' lang='lat' dir='ltr'>ita</span> <span class='ocrx_word' id='word_1_147' title='bbox 1120 2879 1399 2966; x_wconf 71' lang='lat' dir='ltr'>inimicerum</span> 
     </span>
     <span class='ocr_line' id='line_1_24' title="bbox 98 2982 1398 3173; baseline -0.004 -103"><span class='ocrx_word' id='word_1_148' title='bbox 98 2988 351 3173; x_wconf 46' lang='lat' dir='ltr'>gingrlslffis*</span> <span class='ocrx_word' id='word_1_149' title='bbox 378 2989 590 3072; x_wconf 79' lang='lat' dir='ltr'>verticem</span> <span class='ocrx_word' id='word_1_150' title='bbox 619 2986 766 3094; x_wconf 86' lang='lat' dir='ltr'>capilli</span> <span class='ocrx_word' id='word_1_151' title='bbox 792 2985 976 3092; x_wconf 87' lang='lat' dir='ltr'>peramb</span> <span class='ocrx_word' id='word_1_152' title='bbox 1026 2982 1193 3067; x_wconf 70' lang='lat' dir='ltr'>entium</span> <span class='ocrx_word' id='word_1_153' title='bbox 1221 2985 1266 3067; x_wconf 93' lang='lat' dir='ltr'>in</span> <span class='ocrx_word' id='word_1_154' title='bbox 1294 2984 1398 3068; x_wconf 91' lang='lat' dir='ltr'>deli·</span> 
     </span>
    </p>
   </div>
   <div class='ocr_carea' id='block_1_10' title="bbox 83 3203 1399 4737">
    <p class='ocr_par' dir='ltr' id='par_1_13' title="bbox 94 3203 1398 3414">
     <span class='ocr_line' id='line_1_25' title="bbox 178 3203 1398 3304; baseline -0.002 -17"><span class='ocrx_word' id='word_1_155' title='bbox 178 3205 304 3290; x_wconf 84' lang='lat' dir='ltr'>Dixit</span> <span class='ocrx_word' id='word_1_156' title='bbox 321 3205 554 3293; x_wconf 73' lang='lat' dir='ltr'>Dominus:</span> <span class='ocrx_word' id='word_1_157' title='bbox 571 3206 640 3288; x_wconf 85' lang='lat' dir='ltr'>Ex</span> <span class='ocrx_word' id='word_1_158' title='bbox 659 3204 804 3290; x_wconf 85' lang='lat' dir='ltr'>Basan</span> <span class='ocrx_word' id='word_1_159' title='bbox 824 3208 1092 3304; x_wconf 76' lang='lat' dir='ltr'>convertam,</span> <span class='ocrx_word' id='word_1_160' title='bbox 1106 3203 1128 3254; x_wconf 85' lang='lat'>*</span> <span class='ocrx_word' id='word_1_161' title='bbox 1142 3205 1398 3286; x_wconf 77' lang='lat' dir='ltr'>convertam</span> 
     </span>
     <span class='ocr_line' id='line_1_26' title="bbox 94 3307 614 3414; baseline -0.002 -23"><span class='ocrx_word' id='word_1_162' title='bbox 94 3307 144 3391; x_wconf 92' lang='lat' dir='ltr'>in</span> <span class='ocrx_word' id='word_1_163' title='bbox 171 3308 442 3414; x_wconf 84' lang='lat' dir='ltr'>profrindum</span> <span class='ocrx_word' id='word_1_164' title='bbox 467 3311 614 3393; x_wconf 88' lang='lat' dir='ltr'>maris:</span> 
     </span>
    </p>

    <p class='ocr_par' dir='ltr' id='par_1_14' title="bbox 83 3421 1399 3636">
     <span class='ocr_line' id='line_1_27' title="bbox 176 3421 1399 3532; baseline -0.003 -24"><span class='ocrx_word' id='word_1_165' title='bbox 176 3421 239 3508; x_wconf 90' lang='lat' dir='ltr'>Ut</span> <span class='ocrx_word' id='word_1_166' title='bbox 257 3423 500 3529; x_wconf 63' lang='lat' dir='ltr'>intingatur</span> <span class='ocrx_word' id='word_1_167' title='bbox 516 3451 597 3532; x_wconf 87' lang='lat' dir='ltr'>pes</span> <span class='ocrx_word' id='word_1_168' title='bbox 612 3435 716 3509; x_wconf 91' lang='lat' dir='ltr'>tuus</span> <span class='ocrx_word' id='word_1_169' title='bbox 732 3426 778 3509; x_wconf 91' lang='lat' dir='ltr'>in</span> <span class='ocrx_word' id='word_1_170' title='bbox 797 3424 1025 3530; x_wconf 69' lang='lat' dir='ltr'>sanguine:</span> <span class='ocrx_word' id='word_1_171' title='bbox 1039 3424 1061 3476; x_wconf 83' lang='lat'>*</span> <span class='ocrx_word' id='word_1_172' title='bbox 1074 3422 1223 3527; x_wconf 86' lang='lat' dir='ltr'>lingua</span> <span class='ocrx_word' id='word_1_173' title='bbox 1241 3446 1399 3505; x_wconf 85' lang='lat' dir='ltr'>canum</span> 
     </span>
     <span class='ocr_line' id='line_1_28' title="bbox 83 3527 810 3636; baseline 0 -26"><span class='ocrx_word' id='word_1_174' title='bbox 83 3528 280 3610; x_wconf 75' lang='lat' dir='ltr'>&#39;tucrum</span> <span class='ocrx_word' id='word_1_175' title='bbox 307 3552 362 3611; x_wconf 86' lang='lat' dir='ltr'>cx</span> <span class='ocrx_word' id='word_1_176' title='bbox 388 3527 588 3629; x_wconf 88' lang='lat' dir='ltr'>inimicis,</span> <span class='ocrx_word' id='word_1_177' title='bbox 615 3529 672 3613; x_wconf 86' lang='lat' dir='ltr'>ab</span> <span class='ocrx_word' id='word_1_178' title='bbox 700 3529 810 3636; x_wconf 89' lang='lat' dir='ltr'>ipso.</span> 
     </span>
    </p>

    <p class='ocr_par' dir='ltr' id='par_1_15' title="bbox 93 3641 1398 3852">
     <span class='ocr_line' id='line_1_29' title="bbox 176 3641 1398 3748; baseline -0.002 -22"><span class='ocrx_word' id='word_1_179' title='bbox 176 3641 398 3728; x_wconf 75' lang='lat' dir='ltr'>Viderunt</span> <span class='ocrx_word' id='word_1_180' title='bbox 417 3644 640 3748; x_wconf 74' lang='lat' dir='ltr'>ingressus</span> <span class='ocrx_word' id='word_1_181' title='bbox 658 3653 761 3727; x_wconf 91' lang='lat' dir='ltr'>tuos</span> <span class='ocrx_word' id='word_1_182' title='bbox 775 3644 909 3744; x_wconf 86' lang='lat' dir='ltr'>Deus,</span> <span class='ocrx_word' id='word_1_183' title='bbox 922 3644 944 3696; x_wconf 83' lang='lat'>*</span> <span class='ocrx_word' id='word_1_184' title='bbox 957 3644 1181 3747; x_wconf 74' lang='lat' dir='ltr'>ingressus</span> <span class='ocrx_word' id='word_1_185' title='bbox 1196 3641 1280 3725; x_wconf 92' lang='lat' dir='ltr'>Dei</span> <span class='ocrx_word' id='word_1_186' title='bbox 1296 3641 1398 3724; x_wconf 88' lang='lat' dir='ltr'>mei:</span> 
     </span>
     <span class='ocr_line' id='line_1_30' title="bbox 93 3745 794 3852; baseline -0.003 -22"><span class='ocrx_word' id='word_1_187' title='bbox 93 3745 217 3850; x_wconf 84' lang='lat' dir='ltr'>regis</span> <span class='ocrx_word' id='word_1_188' title='bbox 243 3747 331 3830; x_wconf 90' lang='lat' dir='ltr'>mei</span> <span class='ocrx_word' id='word_1_189' title='bbox 359 3749 434 3852; x_wconf 91' lang='lat' dir='ltr'>qui</span> <span class='ocrx_word' id='word_1_190' title='bbox 463 3757 531 3832; x_wconf 86' lang='lat' dir='ltr'>cst</span> <span class='ocrx_word' id='word_1_191' title='bbox 557 3747 602 3830; x_wconf 90' lang='lat' dir='ltr'>in</span> <span class='ocrx_word' id='word_1_192' title='bbox 630 3757 794 3832; x_wconf 86' lang='lat' dir='ltr'>sanct0.</span> 
     </span>
    </p>

    <p class='ocr_par' dir='ltr' id='par_1_16' title="bbox 91 3858 1399 4071">
     <span class='ocr_line' id='line_1_31' title="bbox 175 3858 1399 3968; baseline -0.005 -23"><span class='ocrx_word' id='word_1_193' title='bbox 175 3861 491 3947; x_wconf 77' lang='lat' dir='ltr'>Praevensrunt</span> <span class='ocrx_word' id='word_1_194' title='bbox 509 3861 732 3968; x_wconf 85' lang='lat' dir='ltr'>principes</span> <span class='ocrx_word' id='word_1_195' title='bbox 752 3863 974 3968; x_wconf 84' lang='lat' dir='ltr'>conjimcti</span> <span class='ocrx_word' id='word_1_196' title='bbox 992 3858 1295 3968; x_wconf 79' lang='lat' dir='ltr'>psallentibus,</span> <span class='ocrx_word' id='word_1_197' title='bbox 1314 3861 1336 3909; x_wconf 81' lang='lat'><strong>*</strong></span> <span class='ocrx_word' id='word_1_198' title='bbox 1353 3858 1399 3939; x_wconf 92' lang='lat' dir='ltr'>in</span> 
     </span>
     <span class='ocr_line' id='line_1_32' title="bbox 91 3963 1051 4071; baseline 0.001 -22"><span class='ocrx_word' id='word_1_199' title='bbox 91 3963 247 4050; x_wconf 75' lang='lat' dir='ltr'>medio</span> <span class='ocrx_word' id='word_1_200' title='bbox 275 3965 605 4071; x_wconf 66' lang='lat' dir='ltr'>juvencularum</span> <span class='ocrx_word' id='word_1_201' title='bbox 632 3966 1051 4071; x_wconf 64' lang='lat' dir='ltr'>tympanistriarum.</span> 
     </span>
    </p>

    <p class='ocr_par' dir='ltr' id='par_1_17' title="bbox 175 4076 1398 4181">
     <span class='ocr_line' id='line_1_33' title="bbox 175 4076 1398 4181; baseline -0.004 -17"><span class='ocrx_word' id='word_1_202' title='bbox 175 4081 439 4168; x_wconf 74' lang='lat' dir='ltr'>Inecclesiis</span> <span class='ocrx_word' id='word_1_203' title='bbox 452 4079 702 4165; x_wconf 89' lang='lat' dir='ltr'>benedicite</span> <span class='ocrx_word' id='word_1_204' title='bbox 713 4080 1028 4181; x_wconf 74' lang='lat' dir='ltr'>DeoDr‘r0‚*de</span> <span class='ocrx_word' id='word_1_205' title='bbox 1040 4076 1398 4163; x_wconf 68' lang='lat' dir='ltr'>fontibuslsra&#39;el.</span> 
     </span>
    </p>

    <p class='ocr_par' dir='ltr' id='par_1_18' title="bbox 174 4191 1397 4300">
     <span class='ocr_line' id='line_1_34' title="bbox 174 4191 1397 4300; baseline -0.004 -25"><span class='ocrx_word' id='word_1_206' title='bbox 174 4193 245 4278; x_wconf 93' lang='lat' dir='ltr'>Ibi</span> <span class='ocrx_word' id='word_1_207' title='bbox 267 4194 496 4300; x_wconf 74' lang='lat' dir='ltr'>Beniamin</span> <span class='ocrx_word' id='word_1_208' title='bbox 515 4192 882 4292; x_wconf 74' lang='lat' dir='ltr'>adolescentulus,</span> <span class='ocrx_word' id='word_1_209' title='bbox 909 4199 928 4241; x_wconf 91' lang='lat'><strong>*</strong></span> <span class='ocrx_word' id='word_1_210' title='bbox 951 4193 996 4275; x_wconf 90' lang='lat' dir='ltr'>in</span> <span class='ocrx_word' id='word_1_211' title='bbox 1018 4191 1178 4273; x_wconf 83' lang='lat' dir='ltr'>mentis</span> <span class='ocrx_word' id='word_1_212' title='bbox 1202 4192 1397 4272; x_wconf 76' lang='lat' dir='ltr'>excessu.</span> 
     </span>
    </p>

    <p class='ocr_par' dir='ltr' id='par_1_19' title="bbox 93 4299 1397 4518">
     <span class='ocr_line' id='line_1_35' title="bbox 174 4299 1397 4415; baseline -0.004 -27"><span class='ocrx_word' id='word_1_213' title='bbox 174 4304 406 4415; x_wconf 89' lang='lat' dir='ltr'>Principes</span> <span class='ocrx_word' id='word_1_214' title='bbox 422 4307 448 4390; x_wconf 90' lang='lat' dir='ltr'>J</span> <span class='ocrx_word' id='word_1_215' title='bbox 449 4305 547 4406; x_wconf 88' lang='lat' dir='ltr'>uda,</span> <span class='ocrx_word' id='word_1_216' title='bbox 569 4304 706 4390; x_wconf 86' lang='lat' dir='ltr'>duces</span> <span class='ocrx_word' id='word_1_217' title='bbox 724 4310 893 4390; x_wconf 73' lang='lat' dir='ltr'>ebrum:</span> <span class='ocrx_word' id='word_1_218' title='bbox 909 4303 1166 4411; x_wconf 84' lang='lat' dir='ltr'>*principes</span> <span class='ocrx_word' id='word_1_219' title='bbox 1186 4299 1397 4401; x_wconf 62' lang='lat' dir='ltr'>Zabulon,</span> 
     </span>
     <span class='ocr_line' id='line_1_36' title="bbox 93 4407 929 4518; baseline -0.002 -26"><span class='ocrx_word' id='word_1_220' title='bbox 93 4409 322 4517; x_wconf 88' lang='lat' dir='ltr'>principes</span> <span class='ocrx_word' id='word_1_221' title='bbox 348 4407 571 4518; x_wconf 74' lang='lat' dir='ltr'>Nephtali.</span> <span class='ocrx_word' id='word_1_222' title='bbox 924 4426 929 4434; x_wconf 86' lang='lat'>·</span> 
     </span>
    </p>

    <p class='ocr_par' dir='ltr' id='par_1_20' title="bbox 93 4519 1397 4737">
     <span class='ocr_line' id='line_1_37' title="bbox 175 4519 1397 4621; baseline -0.002 -13"><span class='ocrx_word' id='word_1_223' title='bbox 175 4524 339 4611; x_wconf 88' lang='lat' dir='ltr'>Manda</span> <span class='ocrx_word' id='word_1_224' title='bbox 363 4528 488 4611; x_wconf 89' lang='lat' dir='ltr'>Deus</span> <span class='ocrx_word' id='word_1_225' title='bbox 520 4524 673 4609; x_wconf 77' lang='lat' dir='ltr'>virttti</span> <span class='ocrx_word' id='word_1_226' title='bbox 705 4534 809 4609; x_wconf 83' lang='lat' dir='ltr'>tuae:</span> <span class='ocrx_word' id='word_1_227' title='bbox 843 4526 865 4577; x_wconf 84' lang='lat'>*</span> <span class='ocrx_word' id='word_1_228' title='bbox 900 4523 1112 4609; x_wconf 85' lang='lat' dir='ltr'>confirma</span> <span class='ocrx_word' id='word_1_229' title='bbox 1144 4519 1230 4604; x_wconf 89' lang='lat' dir='ltr'>hoc</span> <span class='ocrx_word' id='word_1_230' title='bbox 1263 4519 1397 4621; x_wconf 90' lang='lat' dir='ltr'>Deus,</span> 
     </span>
     <span class='ocr_line' id='line_1_38' title="bbox 93 4626 773 4737; baseline 0.001 -26"><span class='ocrx_word' id='word_1_231' title='bbox 93 4627 221 4734; x_wconf 90' lang='lat' dir='ltr'>quod</span> <span class='ocrx_word' id='word_1_232' title='bbox 247 4634 457 4737; x_wconf 64' lang='lat' dir='ltr'>operatus</span> <span class='ocrx_word' id='word_1_233' title='bbox 485 4654 533 4714; x_wconf 90' lang='lat' dir='ltr'>es</span> <span class='ocrx_word' id='word_1_234' title='bbox 560 4627 606 4710; x_wconf 93' lang='lat' dir='ltr'>in</span> <span class='ocrx_word' id='word_1_235' title='bbox 632 4626 773 4712; x_wconf 88' lang='lat' dir='ltr'>nobis.</span> 
     </span>
    </p>
   </div>
   <div class='ocr_carea' id='block_1_11' title="bbox 0 0 1550 5094">
    <p class='ocr_par' dir='ltr' id='par_1_21' title="bbox 0 0 1550 5094">
     <span class='ocr_line' id='line_1_39' title="bbox 0 0 1550 5094; baseline 0 0"><span class='ocrx_word' id='word_1_236' title='bbox 0 0 1550 5094; x_wconf 95' lang='lat' dir='ltr'> </span> 
     </span>
    </p>
   </div>
  </div>
 </body>
</html>
