3090 5094
182 357 224 421 26
588 349 637 410 De
660 347 819 409 Ecclesiae
843 345 1058 408 Dedicatieae

258 525 455 610 Saintem
491 549 544 609 ex
579 524 764 608 inimicis
798 525 976 607 nostris:
1003 524 1025 575 *
1049 532 1092 606 et
1126 522 1181 608 de
1211 546 1347 605 manu
1380 523 1462 603 6m·

181 631 311 734 nium,
339 630 416 736 qui
443 628 629 714 oderunt
655 655 745 712 nos.

260 760 382 822 lterum
406 755 560 835 repetitur
581 752 779 833 Antiphone.

260 854 332 940 ald
345 852 588 938 faciendam
600 851 948 937 misericerdiam
961 878 1061 936 cum
1074 851 1274 960 patribus
1289 849 1466 936 nostris:

183 960 204 1008 *
232 967 276 1041 et
302 959 533 1042 memorari
560 957 811 1043 testamenti
837 958 905 1041 sui
932 957 1082 1041 sancti.

260 1088 431 1169 Repetitur
453 1086 651 1175 Antiphone.

258 1189 281 1269 J
285 1182 579 1288 usjurandum,
615 1181 736 1287 qnod
768 1184 924 1289 juravit
956 1181 1013 1266 ad
1040 1181 1262 1266 Abraham
1297 1190 1469 1287 patrem

183 1295 392 1388 nostrum,
420 1290 441 1338 *
469 1285 673 1370 datarum
699 1311 746 1370 se
773 1287 910 1372 nobis.

265 1410 431 1489 llepetitar
455 1410 571 1472 iterum
595 1408 793 1490 Antiphone.

260 1511 322 1592 Ut
350 1509 442 1592 sine
471 1510 629 1595 timbre
664 1511 719 1598 de
751 1540 883 1597 manu
912 1513 1187 1599 inimicarum
1216 1496 1471 1594 no'strrirum

185 1611 375 1697 liberati:
402 1616 423 1665 *
451 1615 689 1700 serviamus
714 1617 788 1700 illi.

263 1735 382 1794 lterum
404 1732 558 1811 repetitur
581 1730 777 1810 Antiphonti.

263 1833 311 1911 ln
339 1830 587 1934 sanctitate,
625 1843 669 1919 et
701 1835 866 1939 justitia
896 1860 1044 1921 eoram
1070 1836 1185 1943 ipso:
1218 1832 1470 1918 *Omnibus

185 1931 340 2017 diebus
366 1936 542 2019 nostris.

263 2052 444 2133 Repetitis,
467 2060 502 2113 ut
524 2051 625 2132 prius,
648 2050 846 2131 Antiphone.

262 2154 320 2233 Et
347 2159 396 2232 tu
422 2176 532 2256 puer
558 2153 775 2274 propheta
791 2155 1008 2239 Altissimi
1038 2153 1284 2240 vocaberis:
1311 2155 1336 2207 *
1366 2179 1472 2262 prae

187 2250 271 2337 ibis
300 2253 414 2335 enim
441 2265 541 2340 ante
568 2256 724 2341 faciem
749 2259 926 2342 Damini
951 2263 1106 2366 parare
1133 2259 1226 2342 vias
1253 2260 1362 2364 ejus.

263 2376 451 2457 Antiplrona
476 2375 639 2455 repetitur,
664 2386 696 2436 ut
720 2375 822 2454 prius

265 2469 339 2557 Ad
365 2469 554 2556 dandam
581 2474 807 2559 scientiam
834 2477 987 2561 salitis
1013 2475 1134 2584 plebi
1161 2478 1270 2583 ejus:
1295 2476 1317 2528 *
1339 2475 1387 2559 in
1413 2499 1472 2559 re

188 2573 441 2658 missibnem
466 2582 749 2682 peecatorum
777 2585 939 2665 ebrum.

266 2698 443 2779 Repetitur,
469 2707 504 2759 nt
528 2699 629 2777 prius,
654 2695 851 2777 antiphona.

265 2792 350 2872 Per
377 2792 546 2873 viscera
571 2791 884 2876 misericordiae
910 2794 994 2877 Dei
1022 2792 1178 2877 nostri:
1202 2792 1286 2875 *in
1313 2791 1471 2899 quibus

189 2890 383 2975 visitavit
409 2917 490 2977 nos
519 2894 676 2979 Oriens
704 2921 758 2980 ex
785 2898 886 2981 alta.

263 3014 450 3095 antiphona
475 3013 641 3095 repetitur,
665 3025 699 3075 ut
721 3014 822 3094 prius

263 3103 514 3190 illuminare
537 3107 605 3190 his
627 3110 702 3212 qui
723 3110 767 3191 in
786 3109 978 3193 tenebris
1004 3119 1047 3193 et
1069 3110 1113 3191 in
1137 3106 1292 3191 umbra
1314 3106 1470 3192 mortis

191 3207 359 3293 sedent:
382 3209 478 3294 *ad
501 3211 753 3315 dirigendos
774 3212 911 3318 pedes
931 3224 1108 3297 nostros
1134 3213 1179 3294 in
1206 3211 1321 3296 viam
1341 3211 1471 3318 pacis

265 3321 446 3403 Repetitur‚
469 3328 504 3383 ut
526 3320 626 3400 prius,
649 3318 848 3399 Antiphone.

274 3416 423 3500 Gibria
445 3417 577 3521 Patri,
604 3429 648 3503 et
670 3420 793 3522 Filio,
820 3424 841 3473 *
868 3433 911 3507 et
937 3421 1118 3528 Spiritui
1144 3427 1306 3504 sancte.

268 3535 312 3598 Ut
333 3535 435 3615 prius,
455 3531 643 3612 Antiphone
668 3533 830 3612 repetitur.

265 3624 388 3709 Sicut
416 3635 508 3709 erat
535 3628 578 3709 in
604 3628 837 3735 principia,
866 3639 909 3713 et
936 3658 1065 3736 nunc,
1094 3642 1137 3717 et
1164 3654 1356 3740 semper:
1383 3633 1408 3684 *
1435 3640 1475 3717 et

191 3729 234 3812 in
263 3729 423 3813 sa'ecula
450 3731 721 3816 saecultirum.
774 3734 926 3819 Amen.

267 3866 414 3929 Tandem
439 3866 555 3928 iterum
578 3865 765 3945 Antiphone
790 3865 952 3945 repetitur.

271 3973 417 4052 [nterim
447 3970 523 4032 dum
549 3971 719 4049 premissa
744 3978 926 4042 cantantur,
954 3965 1126 4047 Pontifex,
1159 3962 1300 4042 acceptis
1325 3962 1427 4025 mitra
1450 3972 1477 4024 et

189 4069 306 4131 baculo
329 4066 495 4148 pastorali,
520 4066 677 4146 incipiens
698 4064 737 4127 ab
759 4066 880 4145 angulo
897 4064 1053 4127 Ecclesiae
1070 4061 1112 4123 ad
1132 4061 1299 4123 sinistram
1314 4059 1479 4139 intrantis,

190 4177 285 4246 prout
316 4183 416 4243 snpra
448 4164 540 4224 linea
571 4162 663 4224 faetae
694 4172 785 4239 sunt,
817 4179 892 4222 cum
925 4160 1125 4223 extremitate
1158 4155 1265 4217 baculi
1296 4158 1478 4236 pastoralis

190 4261 300 4323 scribit
324 4278 423 4341 snper
447 4260 570 4321 cineres
595 4257 803 4338 alphabetum
827 4256 995 4335 Graecum,
1023 4256 1065 4316 ita
1091 4253 1252 4315 distinctis
1277 4252 1419 4333 litteris,
1449 4264 1481 4316 ut

191 4366 294 4418 totum
319 4357 461 4437 spatium
485 4366 654 4434 occupent,
679 4354 728 4414 bis
752 4354 911 4415 videlicet.

272 4453 397 4514 lleinde
422 4451 518 4514 simili
545 4451 645 4512 modo
669 4449 828 4528 incipiens
853 4447 892 4507 ab
918 4448 1038 4525 angaria
1059 4445 1214 4506 Ecclesia
1238 4443 1279 4505 ad
1303 4443 1481 4510 dexteram

191 4547 357 4630 intrantis,
389 4548 501 4611 scribit
530 4545 738 4626 alphabetum
763 4543 933 4621 Latinum,
963 4560 1062 4624 super
1085 4543 1211 4602 cineres
1240 4538 1410 4605 distinctis
1434 4544 1480 4606 lit-

192 4643 282 4721 teris,
305 4644 355 4704 his
378 4644 545 4706 videlicet:
