3090 5094
574 386 629 429 sen
651 365 916 430 Consecratione.
1347 352 1395 419 471
1486 358 1491 367 '

187 537 284 616 Quod
309 542 466 623 sequitur,
492 540 569 604 dicit
592 541 759 605 submissa
783 560 865 606 voce
889 544 1025 623 legendo
1048 544 1092 604 ita
1118 552 1234 615 tamen,
1259 540 1347 621 quod
1372 560 1390 601 a

95 633 391 698 circumstantibus
417 636 520 699 audiri
547 638 668 717 possit:

181 758 264 838 Per
290 751 493 837 eumdem
518 752 757 836 Dominum
783 759 981 836 nostrum
999 751 1025 835 J
1026 776 1150 836 esum
1168 750 1390 836 Christum

96 854 258 938 Filium
294 864 435 939 tuum:
472 856 558 957 Qui
584 866 730 941 tecum
758 856 868 941 vivit
895 866 939 941 et
966 866 1120 961 regnat
1148 855 1194 938 in
1220 856 1388 940 unitate

98 958 296 1065 ejusdem
336 960 525 1067 Spiritus
564 960 706 1046 sancti
740 961 881 1062 Deus,
920 987 1001 1068 per
1042 961 1188 1045 omnia
1228 961 1390 1045 saecula

97 1063 372 1149 saeculorum.
428 1075 480 1178 R.
506 1066 659 1150 Amen.

188 1222 385 1287 Praefatione
408 1224 514 1308 finita,
538 1224 701 1308 Pontifex,
726 1232 861 1305 accepta
882 1226 988 1305 mitra,
1012 1222 1161 1303 procedit
1185 1230 1258 1285 ante
1282 1224 1392 1302 altare,

100 1332 132 1381 et
155 1321 200 1383 ibi
224 1338 299 1384 cum
322 1322 496 1403 praemissa
520 1340 605 1403 aqua
626 1322 797 1385 benedicta
821 1321 899 1383 facit
920 1321 1072 1402 maltam,
1104 1336 1161 1381 scu
1189 1325 1392 1398 caementum,

100 1417 192 1496 quod
218 1435 297 1480 mox
321 1418 472 1498 deposita
496 1420 602 1501 mitra,
627 1430 718 1483 stans
744 1417 865 1480 ibidem
887 1416 1060 1498 benedicit,
1085 1415 1212 1479 dicens:

207 1523 257 1629 ii.
283 1531 500 1617 Dominus
526 1531 767 1617 vobiscum.

208 1642 256 1744 R.
283 1637 341 1722 Et
367 1662 468 1722 cum
494 1637 652 1744 spiritu
675 1646 765 1724 tuo.

651 1805 849 1888 oremus.

149 1948 297 2007 umme
323 1922 457 2025 Deus,
485 1923 561 2029 qui
589 1947 769 2024 summa,
797 1932 841 2007 et
866 1921 1022 2023 media,
1048 1926 1225 2028 imaque
1248 1928 1391 2008 custo·

173 2026 260 2128 dis,
289 2027 365 2133 qui
392 2052 568 2113 omnem
594 2033 841 2113 creaturam
867 2025 1128 2111 intrinsecus
1156 2026 1390 2113 ambiendo

96 2131 338 2234 concludis,
366 2137 507 2217 sancti
523 2146 561 2224 ›1‹
575 2133 670 2233 fica,
698 2142 742 2217 et
769 2130 881 2217 bene
904 2144 944 2223 »1⁴
964 2130 1037 2217 die
1063 2129 1143 2216 has
1167 2138 1391 2217 creaturas

94 2235 501 2446 caleife’.,etitm⁵}1?u1i
552 2237 638 2322 Per
666 2235 889 2322 Christum
915 2235 1155 2320 Dominum
1179 2246 1391 2322 nostrum.

193 2484 396 2551 Caementum
419 2483 626 2546 benedictum
649 2491 853 2566 reservatur,
887 2481 946 2544 sed
976 2479 1143 2544 residuum
1175 2496 1269 2559 aquae
1297 2476 1392 2540 bene-

95 2585 200 2648 dictae
223 2582 368 2646 funditur
392 2581 434 2644 ad
457 2580 574 2664 basim,
599 2580 670 2643 sive
693 2579 811 2661 pedem
835 2580 955 2660 stipitis
979 2578 1089 2641 altaris
1112 2593 1170 2658 per
1193 2573 1372 2638 circuitum.

189 2679 344 2742 Pontifex
380 2677 498 2740 deinde
528 2674 678 2758 procedit
700 2676 988 2756 processionaliter
1012 2692 1086 2737 cum
1109 2690 1221 2755 cruce,
1253 2679 1284 2734 et
1307 2669 1394 2732 clero

95 2777 144 2840 ad
176 2778 285 2838 locum
315 2775 347 2836 in
371 2792 436 2856 quo
460 2773 623 2853 Reliquiae
651 2781 747 2835 nocte
771 2771 938 2852 praeterita
961 2779 1164 2834 conservata
1186 2768 1334 2847 fuerunt,
1365 2774 1396 2825 et

95 2871 249 2935 defertur
274 2868 429 2934 Chrisma
457 2888 560 2950 usquc
589 2868 632 2931 ad
655 2867 744 2932 fores
767 2868 941 2948 Ecclesiae,
973 2867 1032 2929 sed
1062 2867 1254 2946 priusquam
1285 2864 1394 2924 locuni

95 2969 214 3049 ipsum
236 2967 448 3050 ingrediatur,
472 2974 563 3030 stans
587 2965 627 3028 ab
651 2975 754 3046 extra,
779 2965 928 3046 deposita
952 2963 1059 3042 mitra,
1083 2962 1176 3023 dicit:

183 3099 378 3181 Oremus.
418 3122 459 3183 nt
484 3122 638 3184 ministri:
666 3094 915 3179 Flectamus
933 3096 1085 3199 genua
1118 3097 1169 3199 li.
1188 3092 1363 3180 Levite.

158 3233 255 3318 ufer
282 3259 308 3317 a
334 3233 478 3335 nobis,
511 3236 762 3338 qua'esumus
788 3233 993 3334 Domine,
1026 3241 1207 3317 cunctas
1234 3231 1389 3339 iniqui·

187 3342 303 3423 tutes
329 3348 521 3440 nostras;
548 3347 597 3422 ut
624 3336 682 3422 ad
698 3337 858 3422 Sancta
875 3337 1135 3422 Sanctorum
1193 3337 1285 3421 uris
1304 3364 1389 3424 me·

94 3445 275 3527 reamur
302 3441 522 3527 mentibus
548 3442 742 3527 introire.
793 3443 879 3527 Per
907 3441 1128 3526 Christum
1197 3443 1391 3526 ominum

95 3556 311 3631 nostrum.
365 3550 416 3653 R.
444 3547 597 3630 Amen.

194 3693 323 3756 Deinde
346 3691 516 3774 Pontifice,
540 3698 672 3772 accepta
696 3690 801 3772 mitra,
825 3689 934 3752 locum
955 3688 1066 3770 ipsum
1089 3705 1163 3750 eum
1179 3687 1396 3770 Presbyteris,

105 3797 138 3851 et
162 3789 246 3853 clero
268 3788 480 3871 ingrediente,
504 3787 616 3851 schola
639 3794 748 3848 cantat
771 3783 979 3866 Antiphonas
1003 3792 1190 3865 sequentes:

1127 3922 1228 3975 Modus
1246 3920 1295 3974 VI.

211 4252 389 4351 Oquam
407 4244 717 4349 glori-osum
757 4252 824 4328 est
867 4269 1060 4349 regnum,
1087 4245 1132 4327 in
1159 4269 1247 4348 quo
1277 4271 1378 4331 cum

125 4444 1231 4579 ..ἐξω-ηπ...
1255 4492 1368 4532 .-

144 4628 338 4714 Chri·st0
384 4628 576 4734 gaudent
601 4654 753 4714 omnes
773 4629 937 4733 Sancti,
982 4629 1158 4715 amicti
1178 4629 1339 4717 sto-lis
1386 4638 1388 4643 ’
