3090 5094
516 371 567 433 De
590 369 716 433 Altaris
740 368 1009 434 Consecratione.
1369 347 1411 414 97

115 525 309 649 indignis
336 534 405 610 est
428 524 635 625 linienda,
662 532 706 607 et
732 521 1048 621 benedicenda,
1074 532 1164 606 tuae
1191 521 1348 604 saneti·
1373 535 1413 614 ›1‹

114 630 337 714 fieahdnis
351 628 396 711 in
414 654 513 713 eam
530 627 712 712 infunde
728 628 939 711 virtutem
958 637 1002 710 et
1017 626 1411 727 consecrationem

113 744 165 816 ut
185 757 339 817 omnes
363 734 438 838 qui
457 733 515 817 ad
543 757 640 816 eam
658 740 703 815 te
722 730 1004 838 deprecaturi
1024 731 1303 829 accesserint,
1322 738 1412 812 tuae

112 837 448 943 propitiationis
466 835 677 921 auxilium
695 836 898 920 sentiant.
924 834 1011 918 Per
1027 832 1251 916 Christum
1263 832 1413 915 Domi-

112 966 223 1024 num
241 948 451 1024 nostrum.
502 946 555 1048 It.
584 939 740 1023 Amen.

196 1104 326 1169 Deinde
349 1104 473 1167 ibidem
494 1122 569 1167 cum
588 1103 761 1185 praemissa
781 1120 864 1181 aqua
885 1101 1057 1164 benedicta
1081 1099 1161 1163 facit
1185 1097 1332 1178 mattam,
1354 1117 1414 1161 seu

110 1211 324 1284 caementum,
348 1201 440 1282 quod
461 1218 544 1264 mox
569 1200 721 1282 deposita
743 1200 841 1260 mitra
863 1196 1038 1277 benedicit,
1063 1197 1189 1260 dicens:

194 1308 245 1413 V.
275 1320 492 1403 Dominus
509 1318 751 1403 vobiscum.

194 1424 247 1527 Re.
273 1424 332 1509 Et
350 1449 452 1507 eum
469 1421 630 1529 spiritu
646 1431 737 1506 tuo.

667 1593 868 1677 Oremus.

175 1758 322 1817 umme
336 1733 471 1831 Deus,
490 1732 566 1835 qui
585 1756 766 1831 summa,
783 1739 827 1814 et
841 1729 998 1832 media,
1013 1734 1100 1812 ima
1134 1754 1188 1812 ue
1207 1727 1417 1830 custodis,

212 1837 288 1960 qui
307 1860 484 1920 omnem
504 1841 752 1919 ereaturam
776 1835 1039 1918 intrinsecus
1058 1858 1129 1916 am
1162 1831 1294 1915 tendo
1315 1855 1415 1914 con-

10 1898 14 1921 *
110 1938 274 2041 cllidis,
291 1943 434 2023 sancti
450 1949 490 2028 ›1‹
510 1939 605 2039 fica,
630 1948 674 2023 et
696 1937 810 2023 bene
825 1945 865 2024 ›t‹
888 1937 961 2021 die
983 1936 1063 2020 has
1087 1943 1312 2020 creaturas
1332 1935 1417 2018 cal·

21 2140 26 2149 ⁸
110 2044 194 2146 eis,
216 2052 261 2128 et
276 2041 430 2128 sabuli.
465 2042 552 2127 Per
567 2041 797 2126 Christum
815 2042 1056 2126 deinum
1074 2051 1286 2125 nostrum.

198 2189 406 2256 Caementum
426 2189 639 2253 benedictum
661 2198 869 2274 reservatur,
902 2191 964 2254 sed
991 2188 1163 2253 residuum
1191 2206 1286 2268 aquae
1316 2187 1412 2251 bene-

113 2287 216 2351 dictae
238 2286 388 2352 funditur
411 2287 455 2350 ad
477 2285 600 2367 basim,
625 2286 696 2349 sive
719 2288 840 2368 pedem
863 2288 985 2369 stipitis
1009 2287 1123 2349 altaris
1146 2303 1206 2365 per
1227 2286 1414 2366 circuitum,

112 2381 275 2447 Pontifex
303 2383 421 2447 deinde
451 2381 601 2464 procedit
628 2383 922 2463 processionaliter
951 2401 1027 2446 cum
1058 2398 1170 2458 eruce,
1200 2388 1231 2441 et
1259 2381 1349 2442 clero
1374 2381 1415 2441 ad

112 2479 246 2563 locum,
274 2480 398 2564 inquo
426 2487 525 2542 nocte
554 2478 720 2559 praeterita
748 2488 955 2543 conservatae
982 2477 1148 2556 Reliquire
1175 2473 1322 2538 fuerunt:
1356 2476 1416 2537 sed

101 2566 313 2658 'priusquam
341 2576 455 2639 locum
483 2576 594 2656 ipsum
622 2572 842 2656 ingrediatur,
871 2584 963 2638 stans
992 2573 1033 2636 ab
1060 2581 1154 2634 extra
1184 2570 1335 2652 deposita
1356 2571 1414 2633 rni-

112 2678 179 2755 tra,
204 2670 296 2734 dicit:

198 2799 398 2885 Oremus.
441 2810 484 2875 Et
498 2811 652 2874 ministri:
688 2797 945 2883 Flectamus
963 2802 1116 2902 gCnua.
1164 2797 1216 2900 R'·
1241 2799 1418 2882 Levdte.

57 2970 68 2985 ·
184 2937 282 3023 ufer
305 2964 332 3021 a
353 2938 495 3042 nobis,
518 2943 771 3044 quaesumus
790 2938 991 3037 Domine,
1013 2945 1195 3020 cunctas
1216 2936 1417 3039 iniquita-

12 3100 20 3112 ·
214 3051 283 3127 tes
301 3052 490 3146 nostras3
507 3052 558 3126 ut
577 3042 633 3126 ad
652 3042 813 3126 Sancta
830 3041 1095 3126 Sanctorum
1112 3039 1235 3145 puris
1252 3041 1417 3121 merea·

18 3196 25 3234 -.
114 3166 221 3234 mur
241 3146 463 3231 mentibus
488 3147 683 3231 introire.
717 3146 803 3231 Per
829 3144 1053 3229 Christum
1076 3142 1318 3227 Dominum
1343 3165 1416 3224 no-

14 3319 25 3362 r
114 3262 274 3339 stum
299 3252 352 3355 Re.
368 3250 523 3336 Amen.

200 3410 378 3492 Ingressus
411 3426 491 3473 vero
525 3410 596 3472 sine
627 3411 743 3493 mitra,
777 3416 868 3471 stans
897 3406 1010 3489 juxta,
1043 3413 1074 3468 et
1101 3418 1221 3466 versus
1255 3400 1297 3463 ad
1325 3400 1414 3462 Reti-

27 3520 31 3525 ’
110 3508 227 3590 quies,
252 3506 342 3569 dicit:

297 3600 298 3604 ‘
671 3608 875 3692 Oremus.

39 3868 42 3873 Ι
108 3745 236 3943 Fac
254 3774 347 3849 nos,
364 3752 617 3870 quaesumus
635 3747 839 3845 deine‚
858 3744 1122 3829 Sanctdrum
1141 3748 1320 3826 tudrum
1338 3740 1420 3824 tibi

201 3851 454 3960 speeiahter
465 3849 670 3936 dedicata
679 3848 879 3933 membra
893 3848 1024 3953 digne
1035 3852 1334 4033 eontr'ngeerre,C
1347 3869 1419 4030 uroi-

23 3924 30 4009 Ῐ
116 3955 698 4079 nrmpatrociniaeupimus
713 3954 986 4038 incessanter
1002 3951 1176 4036 habere.

117 4073 244 4149 stum
259 4062 501 4146 demum
520 4068 730 4147 nostrum.
753 4060 806 4162 Re·
825 4057 980 4140 Amen·

201 4223 276 4306 Qua
299 4224 396 4306 dicta,
420 4220 577 4286 Pontifex
599 4222 670 4284 sine
692 4223 790 4285 mitra
813 4219 933 4302 accipit
953 4224 1141 4281 reverenter
1163 4212 1339 4276 vasculum
1351 4209 1416 4272 Re-

112 4323 312 4405 liquiarum:
340 4329 426 4402 tum,
451 4326 588 4399 accepta
609 4319 721 4400 mitra,
744 4325 855 4399 portat
879 4333 936 4379 eas
960 4314 1152 4377 solemniter
1176 4318 1206 4371 ct
1228 4307 1416 4390 processio-

111 4418 240 4485 naliter
268 4416 312 4482 ad
339 4417 443 4480 altare
467 4412 747 4496 consecrandum3
776 4414 846 4495 vel,
876 4413 905 4475 si
934 4412 999 4474 sint
1028 4426 1129 4491 super
1155 4403 1329 4486 feretrum,
1360 4418 1419 4483 per

113 4512 320 4583 Sacerdotes
346 4511 427 4575 ferri
454 4507 549 4591 facit,
573 4508 751 4590 inchoans,
779 4508 897 4571 schola
923 4511 1158 4589 prosequente,
1181 4499 1417 4582 Antiphonem.
1535 4531 1537 4536 2

113 4610 153 4679 si
177 4626 261 4675 vero
284 4607 322 4673 fit
345 4626 421 4689 cum
445 4615 553 4690 cantu,
576 4604 653 4669 vide
675 4621 751 4687 pag.
778 4599 833 4666 50.

231 4822 305 4880 Extr.
322 4839 355 4877 ex
368 4825 443 4877 Pont.
458 4822 534 4875 Rom.
