3090 5094
539 372 599 435 pro
624 355 773 417 Ecclesia
794 354 998 418 aedificanda.
1373 343 1412 406 11

204 528 336 589 interim
363 528 530 611 Pontifex,
555 539 687 609 accepta
710 529 817 611 mitra,
841 530 1048 610 aspergendo
1073 530 1221 611 procedit
1244 547 1346 611 usque
1370 532 1411 594 nd

124 624 223 684 aliurn
247 625 374 685 tertium
396 635 521 704 purtem
541 625 829 688 fundamentorum
852 640 1050 707 apertorum,
1072 645 1130 689 seu
1152 626 1410 712 designutorum,

125 720 249 782 ibidem
273 721 472 803 subsistens;
498 732 527 784 et
549 721 640 785 linita
661 720 861 804 Antiphoni,
886 733 976 786 stans
1001 742 1076 787 cum
1098 724 1205 806 mitra,
1229 723 1319 788 dicit:

128 809 511 1004 omnipotentem
542 809 700 912 Deum,
742 808 898 893 iratres
938 808 1169 911 carissimi,
1210 810 1254 893 in
1294 813 1413 917 cuius

95 947 100 961 ¹
218 913 352 997 domo
378 912 528 996 multae
556 923 657 996 sunt
679 913 940 1013 mansiones,
970 919 1051 1019 sup
1084 913 1191 999 lices
1210 912 1413 1021 deprece-

125 1045 238 1102 mur:
274 1026 323 1102 ut
358 1018 502 1101 locum
536 1017 669 1101 istum
701 1018 867 1101 nomini
895 1041 974 1100 suo
1003 1042 1041 1099 ae
1077 1018 1085 1034 “
1122 1018 1309 1103 candum
1333 1045 1413 1126 per

126 1123 449 1209 serenissimam
476 1121 688 1228 pietatem
716 1147 839 1205 suam
866 1120 979 1206 bene
1004 1137 1045 1216 ›1‹
1074 1120 1229 1226 dicere,
1257 1125 1413 1209 sancti-

125 1238 164 1314 i<
186 1227 330 1329 ficare,
356 1236 398 1311 et
427 1250 560 1310 conse
582 1242 621 1319 ›1‹
652 1231 775 1311 crare
803 1226 1016 1348 dignetur.
1068 1227 1153 1310 Per
1178 1228 1415 1313 Dominum

126 1341 327 1415 nostrum
353 1331 377 1412 J
380 1357 502 1415 esum
527 1329 764 1415 Christum:
788 1356 863 1436 qur
890 1355 989 1415 cum
1011 1330 1153 1431 Patre,
1180 1340 1224 1416 et
1249 1331 1414 1440 Spiritu

127 1446 280 1519 sancto
308 1435 415 1520 vivit
444 1443 488 1519 et
510 1443 664 1538 regnat
690 1436 828 1537 Deus,
863 1460 943 1542 per
976 1437 1123 1519 omnia
1150 1436 1310 1521 secula
1336 1463 1414 1521 sae·

128 1540 336 1624 culorum.
386 1550 436 1652 ll.
466 1539 619 1623 Amen.

205 1673 331 1735 lloincle
356 1675 496 1760 inchoat,
520 1680 631 1742 schola
656 1688 883 1762 prosequente,
904 1679 1145 1761 Antiplronam:

1004 1784 1073 1833 Tou.
1091 1780 1168 1833 Vlll.
1207 1782 1263 1833 rin.
1282 1783 1305 1834 Q.

193 2084 333 2162 Bene
384 2073 615 2158 fun-da-ta
678 2085 745 2159 est
771 2075 971 2160 *domus
997 2076 1209 2160 Domi-ni
1250 2101 1383 2183 supra

236 2421 423 2504 firmam
449 2426 647 2526 petram.

126 2557 772 2633 .--..-ι...,-

125 2786 193 2867 Ps.
215 2786 292 2865 121.
319 2784 645 2881 Laetatussum.
669 2786 855 2867 utinfru.
903 2778 1005 2861 Eu
1045 2802 1072 2862 0
1113 2804 1143 2862 u
1182 2803 1208 2861 a
1248 2802 1282 2862 e.

644 2929 795 2993 Psalmus
821 2932 892 2993 tut.

124 3019 337 3210 Laetatus
366 3049 462 3106 sum
488 3022 534 3105 in
560 3021 646 3120 his,
675 3045 774 3125 quae
801 3019 920 3105 dicta
947 3030 1048 3103 sunt
1074 3021 1196 3104 mihi:
1221 3022 1243 3073 *
1266 3021 1312 3103 in
1339 3020 1414 3104 do·

213 3154 332 3211 mum
358 3126 537 3211 Domini
562 3124 733 3210 ibimus.

204 3232 379 3420 {ltantes
416 3239 538 3316 erant
572 3229 711 3337 pedes
744 3229 900 3331 nostri,
936 3228 1038 3312 *in
1074 3229 1196 3313 atriis
1233 3231 1321 3316 tuis
1347 3231 1373 3313 J
1374 3256 1414 3316 e·

124 3343 201 3421 rirs
248 3363 327 3421 em.

203 3440 466 3539 Jerusalem,
503 3464 602 3544 quae
639 3437 882 3523 aedificatur
922 3450 971 3523 ut
1014 3438 1190 3523 civitas:
1232 3441 1254 3491 *
1294 3440 1414 3545 cujus

124 3545 408 3652 participatio
437 3547 527 3652 ejus
553 3543 599 3625 in
625 3542 828 3650 idipsum.
916 3568 919 3575 ·

204 3657 315 3742 Illuc
343 3659 457 3743 enim
484 3656 775 3742 ascenderunt
806 3655 968 3757 tribus,
1003 3652 1143 3739 tribus
1170 3655 1366 3739 Domini:
1393 3655 1415 3706 *

125 3762 427 3848 testimonium
453 3762 592 3846 Israel
626 3760 683 3844 ad
711 3760 1008 3844 confitendum
1033 3760 1198 3843 nomini
1225 3758 1412 3843 Domini.

205 3867 318 3968 Quia
343 3867 433 3953 illic
461 3866 668 3952 sederunt
690 3862 820 3949 sedes
837 3865 883 3947 in
901 3864 1072 3971 judicio
1091 3864 1113 3915 *
1131 3863 1259 3949 sedes
1283 3886 1414 3969 super

126 3971 307 4057 domum
334 3971 491 4058 David.
932 4044 935 4048 ,

204 4085 379 4191 Rogate
408 4110 505 4190 quae
532 4083 589 4167 ad
607 4108 762 4190 pacem
781 4090 882 4166 sunt
900 4082 1156 4167 Jerusalem:
1179 4083 1201 4134 *
1220 4090 1263 4166 et
1282 4079 1413 4165 abun·

127 4188 279 4275 dantia
308 4186 590 4294 diligentibus
616 4197 679 4273 te:

124 4406 155 4493 b
203 4302 302 4387 Fiat
328 4328 416 4410 pax
442 4303 487 4385 in
513 4301 675 4388 virtute
701 4309 793 4384 tua:
817 4306 836 4348 ’¹‘
856 4302 906 4383 et*
926 4298 1192 4384 abundantia
1219 4299 1263 4380 in
1287 4299 1413 4382 tirrri·

157 4434 210 4493 us
236 4408 335 4492 tuis.

204 4521 392 4629 Propter
419 4522 575 4606 fratres
592 4544 726 4623 meos,
755 4529 798 4605 et
823 4517 1049 4625 proximos
1074 4540 1209 4617 meos,
1228 4523 1247 4566 *
1265 4517 1413 4623 loque·

126 4625 207 4711 bar
233 4652 390 4734 pacem
417 4626 473 4713 de
499 4636 562 4710 te:
619 4688 623 4698 .
