3090 5094
162 339 224 402 102
556 344 608 405 Dc
631 343 757 405 nitaris
782 340 1054 406 (lonsccrutione.

243 519 415 599 llcpetitur
439 517 638 598 Antiplrona.

245 608 416 692 Altaria
432 617 509 693 tua
523 608 715 696 Domine
731 612 958 696 virtitum:
972 613 994 664 *
1008 613 1108 697 Rex
1123 637 1261 713 meus,
1282 619 1329 695 et
1340 609 1464 694 Deus

161 737 297 795 meus.

241 857 417 937 Repetitur
439 853 642 935 Antiphonti.

241 955 378 1055 Beati,
402 954 477 1058 qui
496 953 697 1039 habitant
721 956 767 1038 in
790 956 923 1041 domo
946 968 1023 1043 tua
1045 958 1254 1043 Domine:
1278 958 1300 1009 *
1320 957 1369 1039 in
1388 959 1465 1038 sae·

164 1059 262 1143 cula
281 1057 547 1142 saeculorum
562 1058 807 1144 laudabunt
825 1071 882 1146 te.

241 1184 416 1264 Repetitur
439 1180 641 1263 Antiphona.

241 1283 406 1366 Beatus
421 1283 500 1382 vir,
519 1285 641 1387 cuius
661 1293 729 1368 est
743 1285 952 1369 auxssium
970 1285 1049 1370 abs
1067 1294 1130 1369 te:
1142 1287 1165 1335 *
1179 1278 1467 1368 ascensiones

164 1386 210 1468 in
236 1384 373 1469 corde
399 1410 480 1469 suo
503 1384 734 1491 disposuit,
759 1389 804 1471 in
828 1389 943 1473 valle
966 1389 1248 1473 lacrimarum
1273 1387 1321 1469 in
1351 1385 1468 1487 loco,

166 1512 299 1593 quem
315 1489 475 1594 ptisuit.

244 1638 418 1719 llcpctitur
441 1640 641 1719 ilntiplrona.

242 1730 418 1816 Etenim
445 1729 801 1818 benedictionem
829 1733 953 1819 dabit
981 1732 1224 1838 legislator,
1250 1730 1382 1816 ibunt
1413 1731 1470 1816 de

167 1833 330 1917 virtute
348 1835 392 1915 in
412 1835 636 1920 virtutem:
655 1840 676 1888 *
694 1837 919 1922 videbitur
937 1839 1059 1922 Deus
1077 1836 1263 1920 deorum
1281 1836 1328 1918 in
1348 1836 1470 1920 Sion.

245 1980 419 2059 Repetitur
442 1978 643 2059 Antiplrona.

244 2073 432 2159 Domine
445 2072 566 2155 Deus
586 2074 798 2158 virtutum
818 2075 978 2159 exaudi
1000 2075 1248 2161 orationem
1269 2075 1472 2158 meamz*

168 2176 347 2262 auribus
365 2175 547 2282 percipe
565 2176 687 2261 Deus
704 2177 854 2263 Jacob.

139 2371 142 2376 .
247 2322 421 2403 Repetitur
441 2322 643 2403 Antiphona.

246 2421 480 2503 Protector
490 2429 642 2503 noster
653 2420 802 2526 aspice
813 2421 949 2505 Deus:
962 2422 984 2473 *
999 2430 1043 2506 et
1060 2420 1232 2526 respice
1246 2419 1293 2501 in
1310 2419 1471 2504 faciem

169 2520 333 2605 Christi
350 2524 430 2606 tui:

249 2668 423 2747 Repetitur
449 2665 647 2748 antiphona.

248 2762 360 2866 Quia
373 2762 530 2847 melior
544 2775 612 2848 est
624 2764 815 2848 diesuna
829 2763 875 2846 in
889 2763 1013 2848 Atriis
1026 2764 1309 2870 tuis‚*·super
1320 2762 1470 2848 millia.

251 2908 426 2991 Repetitur
449 2907 650 2991 Antiphona.

245 3004 370 3107 llegi
385 3004 581 3110 abjectus
599 3030 697 3089 esse
714 3005 760 3087 in
776 3003 909 3088 domo
924 3003 1008 3087 Dei
1027 3005 1130 3089 mei:
1143 3005 1165 3056 *
1179 3004 1320 3106 magis
1335 3028 1469 3109 quam

171 3108 372 3193 habitare
390 3109 436 3190 in
455 3107 750 3192 tabernaculis
767 3111 1064 3213 peccatorum.

249 3253 426 3335 Repetitur
448 3251 651 3334 Antiphona.

255 3348 366 3452 Quia
391 3348 751 3449 misericerdiam,
780 3359 824 3432 et
851 3349 1084 3432 veritatem
1110 3345 1254 3451 diligit
1282 3346 1469 3434 Deum*

173 3451 360 3553 gratiam
379 3462 423 3535 et
441 3451 627 3556 gloriam
647 3451 770 3536 dabit
789 3452 1015 3537 Dominus.

252 3595 427 3674 Repetitur
448 3590 649 3670 Antiphona.

251 3693 355 3775 Non
372 3691 565 3798 privabit
583 3691 713 3775 bonis
733 3717 820 3792 eos
845 3693 919 3798 qui
945 3692 1172 3776 ambulant
1195 3693 1241 3775 in
1263 3694 1470 3780 innocen·

173 3800 253 3881 tia:
268 3795 493 3879 *Domine
513 3796 736 3896 virtutum,
750 3795 907 3881 bettus
925 3797 1070 3899 homo,
1086 3798 1161 3900 qui
1178 3806 1333 3902 sperat
1352 3799 1473 3886 inte

251 3928 293 3989 lit
321 3941 385 3986 non
416 3922 536 3984 dicitur
564 3918 682 3985 (ildria
708 3919 818 4004 Patri,
851 3920 910 3981 sed
944 3920 1135 3999 ilntiphona
1165 3921 1339 3999 repetitur.
1388 3925 1478 3987 Dum

176 4025 363 4103 irrupimus
388 4034 417 4079 et
439 4018 594 4079 Psalmus
618 4018 766 4097 praedicti
790 4016 953 4091 dicuntur,
976 4014 1133 4077 Pontifex
1155 4024 1248 4077 stans
1269 4033 1352 4079 cum
1371 4022 1479 4085 mitra.

175 4122 304 4195 intumit
337 4116 493 4197 pollicem
526 4114 673 4175 dexterae
705 4130 823 4186 manus
856 4114 889 4173 in
921 4114 1032 4174 oleum
1065 4110 1418 4196 Cateclrumenorum,
1451 4128 1481 4178 et

175 4234 248 4276 cum
274 4232 313 4274 co
339 4213 415 4273 facit
439 4211 582 4288 quinque
608 4226 738 4283 cruces,
763 4206 917 4269 videlicet
941 4208 971 4269 in
997 4207 1107 4268 medio
1132 4205 1257 4287 altario,
1283 4216 1315 4267 et
1341 4208 1376 4271 in
1402 4229 1480 4290 qua·

173 4321 249 4371 tuor
266 4308 336 4387 ejus
354 4306 522 4383 cornibus,
545 4304 577 4364 in
602 4305 685 4364 locis
710 4305 740 4364 in
766 4303 886 4381 quibus
911 4302 1035 4364 l'occrat
1060 4320 1175 4364 cruces
1200 4300 1241 4362 de
1265 4320 1360 4380 aqua
1384 4304 1482 4369 bene-

176 4404 280 4483 dic-to,
315 4404 468 4465 uidelicet
502 4401 641 4480 primam
676 4400 708 4460 in
741 4399 849 4459 medio
883 4398 1017 4478 altaris,
1056 4397 1237 4459 secundam
1268 4398 1302 4457 in
1338 4400 1484 4465 dextero

175 4500 368 4578 posteriori,
390 4496 425 4557 id
447 4507 512 4578 cst,
534 4496 725 4575 ‚ltmngettn
753 4496 881 4557 tertiam
906 4490 938 4555 in
964 4494 1099 4556 sinistro
1123 4492 1297 4573 anteriori,
1324 4510 1487 4576 quartam

175 4594 205 4653 iu
232 4592 369 4653 dextero
395 4593 560 4673 anteriori,
585 4591 731 4670 quintam
757 4592 788 4652 in
814 4591 948 4652 sinistro
973 4587 1160 4670 posteriori,
1183 4588 1248 4649 ltoc
1272 4589 1417 4655 ordine:
