3090 5094
217 824 440 905 Istc-rum
460 833 526 908 est
546 825 675 909 e·nim
710 851 891 931 regnum
918 827 1171 930 coe-ibrum,
1187 830 1262 934 qui
1280 853 1378 914 con-

141 997 1294 1137 ...ffi-fflfflu
1317 1006 1365 1047 ·

128 1088 530 1134 1.-

194 1175 464 1278 ῒοιῃρεόωηῒ
491 1173 642 1258 iri-tam
667 1172 828 1276 mundi,
906 1184 951 1260 et
976 1179 1267 1282 pervenerunt
1294 1176 1350 1261 ad

101 1317 1381 1528 Q

156 1519 379 1622 praemi-a
416 1523 549 1627 regni,
687 1532 730 1607 et
763 1522 978 1608 la-verunt
1005 1524 1141 1608 stolas
1168 1551 1248 1609 su·
1269 1551 1317 1609 as

142 1740 218 1778 ,Ἡ
241 1741 302 1781 -
326 1743 639 1785 ι...-
663 1747 707 1788 Ι
731 1746 798 1786 -Ι

128 1785 797 1832 1.--1

208 1861 253 1944 in
279 1867 358 1947 san
386 1910 399 1925 ·
429 1865 576 1970 gui-ne
627 1867 752 1972 Agni.

191 2000 247 2064 Eis
270 2001 368 2084 igitur
391 2004 433 2066 ad
447 2005 603 2068 Ecclesiae
620 2009 849 2073 consecrandae
869 2009 958 2074 fores
978 2013 1252 2100 pervenientibus,
1275 2017 1377 2097 prius-

101 2114 205 2177 quam
229 2099 465 2185 ingrediantur,
490 2102 627 2166 dimissa
650 2112 723 2167 ante
746 2105 835 2169 fores
857 2107 1011 2171 Ecclesiae
1034 2110 1148 2173 schola
1171 2110 1375 2193 Antiphonas

99 2192 278 2274 praedictas
302 2203 459 2281 cantante,
483 2198 644 2279 Pontifex,
669 2201 925 2280 praecedentibus
944 2205 1052 2285 ipsum
1072 2205 1201 2270 duobus
1217 2207 1375 2272 cerofera-

99 2289 177 2370 riis,
200 2308 309 2374 cruce,
332 2291 552 2375 thuriferarii),
577 2304 608 2357 et
630 2295 861 2363 Sacerdotibus
883 2300 1037 2364 feretrum
1058 2300 1284 2384 Reliquiarum
1306 2322 1377 2387 por-

98 2384 260 2541 ulantibus²
286 2387 400 2452 circuit
422 2389 602 2454 Ecclesiam
626 2411 700 2456 cum
722 2394 802 2476 ipsis
819 2396 990 2480 ReliquiiS,
1013 2398 1137 2479 populo
1161 2410 1322 2485 sequente,
1347 2408 1378 2463 et

98 2497 119 2542 c
134 2489 278 2545 amante:

127 2615 849 2752 ΕΞἙΞ

173 2785 422 2893 Ky'·ri·e
501 2786 836 2872 e·le-i·s0n.

193 2922 267 3000 Quo
294 2925 379 2991 facto
401 2931 555 2996 Pontifex
578 2935 694 2997 sedens
718 2953 791 2998 cum
811 2937 907 2998 mitra
929 2937 961 2999 in
981 2936 1174 3020 faldistorio,
1197 2945 1269 3001 ante
1290 2939 1377 3002 fores

97 3020 260 3083 Ecclesia
284 3023 324 3087 ad
348 3024 381 3087 id
403 3038 528 3111 parate,
552 3029 642 3095 brevi
666 3049 815 3095 sermone
839 3034 997 3114 populum
1020 3035 1205 3114 alloquitur.

103 3130 317 3322 Quanta,
344 3157 500 3243 fratres
526 3156 752 3253 carissimi,
778 3155 998 3257 Ecclesiis,
1026 3165 1069 3240 et
1096 3156 1192 3241 Deo
1221 3157 1377 3243 dicatis

184 3260 294 3346 locis
320 3261 519 3347 habenda
547 3261 603 3345 sit
629 3261 891 3362 reverentia,
927 3266 1135 3366 canones,
1170 3269 1213 3346 et
1247 3262 1376 3368 leges,

102 3373 150 3449 et
190 3366 448 3451 universalis
489 3365 717 3487 religiosus
758 3365 953 3450 fidelium
991 3365 1131 3449 cultus
1174 3365 1378 3452 declarat.

99 3468 272 3554 Nr'rllibi
291 3471 405 3555 enim
425 3496 554 3576 quam
570 3496 615 3552 rn
633 3470 768 3555 sacris
787 3468 990 3572 basilicis,
1016 3470 1206 3554 Dbmino
1232 3469 1378 3555 offerri

101 3574 365 3658 sacrificium
401 3574 541 3660 debet.
607 3573 895 3680 Praecipiente
933 3573 1148 3678 siquidem
1185 3575 1376 3659 Dbmino

100 3702 183 3784 per
201 3677 395 3785 Meysen,
423 3678 749 3764 tabernaculum
775 3703 874 3762 eum
898 3702 1058 3778 mensa,
1086 3688 1216 3782 atque
1239 3679 1375 3780 altari,

102 3792 149 3866 et
177 3783 303 3867 a'ereis
330 3784 466 3885 vasis,
501 3782 845 3887 utensilibusque
880 3786 1182 3866 consecratum
1218 3793 1284 3867 est
1319 3782 1375 3867 ad

103 3885 299 3971 divinum
324 3887 487 3971 cultum
511 3886 789 3991 explendum
816 3887 959 3992 ipsum
984 3910 1157 3991 quoque
1180 3886 1376 3971 taberna.-

102 3990 251 4075 culum
283 4016 371 4076 non
400 3991 541 4086 solum
574 3995 788 4092 sacrasse,
824 3989 903 4075 sed
939 3990 1037 4074 (ileo
1075 4015 1249 4096 quoque
1285 3990 1377 4073 lini·

99 4100 222 4180 -visse
252 4094 446 4200 legimus.
496 4096 548 4178 In
574 4094 590 4177 i
622 4121 672 4178 so
699 4104 844 4179 autem
870 4095 1150 4179 tabernaculo
1178 4119 1266 4179 non
1293 4094 1376 4195 alii,

104 4222 237 4304 quam
271 4200 411 4284 sancti
436 4200 566 4284 Sacer
599 4203 715 4300 bles,
751 4208 794 4284 et
825 4198 992 4283 Levitae
1019 4198 1213 4283 vestibus
1241 4198 1376 4281 sacris

103 4303 249 4388 ornati
274 4303 551 4387 Sacramenta
581 4303 846 4413 tractabant,
883 4312 927 4387 et
958 4328 1038 4410 pro
1065 4301 1231 4410 pbpulo
1259 4302 1376 4386 obla·

103 4405 246 4492 rienes
273 4405 525 4492 offerebant.
576 4406 862 4492 Pbstmodum
889 4416 978 4491 tam
1004 4407 1149 4510 Reges
1168 4405 1376 4490 Hebraea·

104 4536 200 4594 rum
227 4536 353 4596 suum
379 4512 608 4620 templum,
641 4536 771 4616 quam
797 4511 985 4594 Romani
1013 4508 1238 4595 christiani
1264 4515 1377 4617 prin·

103 4615 224 4722 cipes
259 4613 462 4701 basilicas
495 4642 522 4716 a
554 4641 602 4701 se
629 4622 902 4700 constructas
936 4639 1103 4698 summa
1130 4613 1176 4697 in
1203 4639 1377 4701 venera·

1165 4841 1202 4906 a}
