<?xml version="1.0" encoding="UTF-8"?>
<!DOCTYPE html PUBLIC "-//W3C//DTD XHTML 1.0 Transitional//EN"
    "http://www.w3.org/TR/xhtml1/DTD/xhtml1-transitional.dtd">
<html xmlns="http://www.w3.org/1999/xhtml" xml:lang="en" lang="en">
 <head>
  <title>
</title>
<meta http-equiv="Content-Type" content="text/html;charset=utf-8" />
  <meta name='ocr-system' content='tesseract 3.04.00' />
  <meta name='ocr-capabilities' content='ocr_page ocr_carea ocr_par ocr_line ocrx_word'/>
</head>
<body>
  <div class='ocr_page' id='page_1' title='image "./ritusbenedictio00churgoog_0018.png"; bbox 0 0 3090 5094; ppageno 0'>
   <div class='ocr_carea' id='block_1_1' title="bbox 538 353 1418 439">
    <p class='ocr_par' dir='ltr' id='par_1_1' title="bbox 538 353 1418 439">
     <span class='ocr_line' id='line_1_1' title="bbox 538 353 1418 439; baseline -0.002 -18"><span class='ocrx_word' id='word_1_1' title='bbox 538 375 598 439; x_wconf 92' lang='lat' dir='ltr'>pro</span> <span class='ocrx_word' id='word_1_2' title='bbox 622 358 769 420; x_wconf 79' lang='lat' dir='ltr'>Ecclesia</span> <span class='ocrx_word' id='word_1_3' title='bbox 793 357 998 421; x_wconf 66' lang='lat' dir='ltr'>edificanda.</span> <span class='ocrx_word' id='word_1_4' title='bbox 1397 353 1418 419; x_wconf 80' lang='lat'>5</span> 
     </span>
    </p>
   </div>
   <div class='ocr_carea' id='block_1_2' title="bbox 10 519 1417 737">
    <p class='ocr_par' dir='ltr' id='par_1_2' title="bbox 10 519 1417 737">
     <span class='ocr_line' id='line_1_2' title="bbox 10 519 1256 632; baseline -0.002 -23"><span class='ocrx_word' id='word_1_5' title='bbox 10 570 17 609; x_wconf 48' lang='grc' dir='ltr'>ς</span> <span class='ocrx_word' id='word_1_6' title='bbox 207 519 361 604; x_wconf 82' lang='lat' dir='ltr'>Gloria</span> <span class='ocrx_word' id='word_1_7' title='bbox 386 521 518 623; x_wconf 85' lang='lat' dir='ltr'>Patri,</span> <span class='ocrx_word' id='word_1_8' title='bbox 543 531 587 606; x_wconf 96' lang='lat' dir='ltr'>et</span> <span class='ocrx_word' id='word_1_9' title='bbox 613 522 736 625; x_wconf 78' lang='lat' dir='ltr'>Filio,</span> <span class='ocrx_word' id='word_1_10' title='bbox 764 530 783 573; x_wconf 87' lang='lat'>*</span> <span class='ocrx_word' id='word_1_11' title='bbox 812 533 856 609; x_wconf 90' lang='lat' dir='ltr'>et</span> <span class='ocrx_word' id='word_1_12' title='bbox 882 524 1064 632; x_wconf 89' lang='lat' dir='ltr'>Spiritui</span> <span class='ocrx_word' id='word_1_13' title='bbox 1092 534 1256 610; x_wconf 88' lang='lat' dir='ltr'>sancto.</span> 
     </span>
     <span class='ocr_line' id='line_1_3' title="bbox 10 623 1417 737; baseline 0.006 -30"><span class='ocrx_word' id='word_1_14' title='bbox 10 628 40 680; x_wconf 66' lang='lat'><em>³</em></span> <span class='ocrx_word' id='word_1_15' title='bbox 204 623 326 709; x_wconf 89' lang='lat' dir='ltr'>Sicut</span> <span class='ocrx_word' id='word_1_16' title='bbox 353 634 447 709; x_wconf 86' lang='lat' dir='ltr'>erat</span> <span class='ocrx_word' id='word_1_17' title='bbox 471 627 517 709; x_wconf 91' lang='lat' dir='ltr'>in</span> <span class='ocrx_word' id='word_1_18' title='bbox 541 628 777 735; x_wconf 83' lang='lat' dir='ltr'>principie,</span> <span class='ocrx_word' id='word_1_19' title='bbox 805 639 848 712; x_wconf 89' lang='lat' dir='ltr'>et</span> <span class='ocrx_word' id='word_1_20' title='bbox 876 654 1008 731; x_wconf 91' lang='lat' dir='ltr'>nunc,</span> <span class='ocrx_word' id='word_1_21' title='bbox 1036 640 1080 716; x_wconf 90' lang='lat' dir='ltr'>et</span> <span class='ocrx_word' id='word_1_22' title='bbox 1103 655 1296 737; x_wconf 84' lang='lat' dir='ltr'>semper,</span> <span class='ocrx_word' id='word_1_23' title='bbox 1324 631 1346 682; x_wconf 83' lang='lat'>*</span> <span class='ocrx_word' id='word_1_24' title='bbox 1374 639 1417 715; x_wconf 90' lang='lat' dir='ltr'>et</span> 
     </span>
    </p>
   </div>
   <div class='ocr_carea' id='block_1_3' title="bbox 10 727 868 817">
    <p class='ocr_par' dir='ltr' id='par_1_3' title="bbox 10 727 868 817">
     <span class='ocr_line' id='line_1_4' title="bbox 10 727 868 817; baseline 0.003 -8"><span class='ocrx_word' id='word_1_25' title='bbox 10 734 18 763; x_wconf 91' lang='lat'>&#39;·</span> <span class='ocrx_word' id='word_1_26' title='bbox 125 728 173 811; x_wconf 90' lang='lat' dir='ltr'>in</span> <span class='ocrx_word' id='word_1_27' title='bbox 200 727 362 814; x_wconf 70' lang='lat' dir='ltr'>saecula</span> <span class='ocrx_word' id='word_1_28' title='bbox 388 731 660 816; x_wconf 82' lang='lat' dir='ltr'>saeculorum.</span> <span class='ocrx_word' id='word_1_29' title='bbox 713 733 868 817; x_wconf 86' lang='lat' dir='ltr'>Amen.</span> 
     </span>
    </p>
   </div>
   <div class='ocr_carea' id='block_1_4' title="bbox 120 869 1411 1049">
    <p class='ocr_par' dir='ltr' id='par_1_4' title="bbox 120 869 1411 1049">
     <span class='ocr_line' id='line_1_5' title="bbox 200 869 1411 953; baseline 0.003 -20"><span class='ocrx_word' id='word_1_30' title='bbox 200 870 318 933; x_wconf 79' lang='lat' dir='ltr'><strong>Finitis</strong></span> <span class='ocrx_word' id='word_1_31' title='bbox 341 869 531 952; x_wconf 67' lang='lat' dir='ltr'>Antiphone</span> <span class='ocrx_word' id='word_1_32' title='bbox 560 878 590 931; x_wconf 88' lang='lat' dir='ltr'>et</span> <span class='ocrx_word' id='word_1_33' title='bbox 612 869 748 932; x_wconf 79' lang='lat' dir='ltr'>Psalmo</span> <span class='ocrx_word' id='word_1_34' title='bbox 778 870 960 953; x_wconf 86' lang='lat' dir='ltr'>praedictis,</span> <span class='ocrx_word' id='word_1_35' title='bbox 990 869 1144 935; x_wconf 83' lang='lat' dir='ltr'>Pontifex</span> <span class='ocrx_word' id='word_1_36' title='bbox 1174 882 1265 937; x_wconf 80' lang='lat' dir='ltr'>stans</span> <span class='ocrx_word' id='word_1_37' title='bbox 1294 891 1411 937; x_wconf 82' lang='lat' dir='ltr'>versus</span> 
     </span>
     <span class='ocr_line' id='line_1_6' title="bbox 120 966 1105 1049; baseline 0.003 -20"><span class='ocrx_word' id='word_1_38' title='bbox 120 966 163 1029; x_wconf 90' lang='lat' dir='ltr'>ad</span> <span class='ocrx_word' id='word_1_39' title='bbox 187 967 299 1030; x_wconf 91' lang='lat' dir='ltr'>locum</span> <span class='ocrx_word' id='word_1_40' title='bbox 320 985 379 1048; x_wconf 87' lang='lat' dir='ltr'>per</span> <span class='ocrx_word' id='word_1_41' title='bbox 401 985 477 1030; x_wconf 90' lang='lat' dir='ltr'>eum</span> <span class='ocrx_word' id='word_1_42' title='bbox 500 984 682 1048; x_wconf 80' lang='lat' dir='ltr'>aspersum,</span> <span class='ocrx_word' id='word_1_43' title='bbox 707 966 860 1047; x_wconf 83' lang='lat' dir='ltr'>deposita</span> <span class='ocrx_word' id='word_1_44' title='bbox 885 969 990 1049; x_wconf 82' lang='lat' dir='ltr'>mitra,</span> <span class='ocrx_word' id='word_1_45' title='bbox 1015 967 1105 1032; x_wconf 92' lang='lat' dir='ltr'>dicit:</span> 
     </span>
    </p>
   </div>
   <div class='ocr_carea' id='block_1_5' title="bbox 671 1074 873 1156">
    <p class='ocr_par' dir='ltr' id='par_1_5' title="bbox 671 1074 873 1156">
     <span class='ocr_line' id='line_1_7' title="bbox 671 1074 873 1156; baseline -0.02 0"><span class='ocrx_word' id='word_1_46' title='bbox 671 1074 873 1156; x_wconf 80' lang='lat' dir='ltr'>Oremus.</span> 
     </span>
    </p>
   </div>
   <div class='ocr_carea' id='block_1_6' title="bbox 120 1188 1418 1717">
    <p class='ocr_par' dir='ltr' id='par_1_6' title="bbox 120 1188 1418 1717">
     <span class='ocr_line' id='line_1_8' title="bbox 120 1188 1418 1381; baseline 0.002 -109"><span class='ocrx_word' id='word_1_47' title='bbox 120 1188 338 1381; x_wconf 82' lang='lat' dir='ltr'>Domine</span> <span class='ocrx_word' id='word_1_48' title='bbox 354 1192 487 1292; x_wconf 91' lang='lat' dir='ltr'>Deus,</span> <span class='ocrx_word' id='word_1_49' title='bbox 514 1191 589 1297; x_wconf 91' lang='lat' dir='ltr'>qui</span> <span class='ocrx_word' id='word_1_50' title='bbox 616 1191 721 1277; x_wconf 91' lang='lat' dir='ltr'>licet</span> <span class='ocrx_word' id='word_1_51' title='bbox 745 1192 860 1277; x_wconf 88' lang='lat' dir='ltr'>coelo</span> <span class='ocrx_word' id='word_1_52' title='bbox 889 1201 933 1277; x_wconf 90' lang='lat' dir='ltr'>et</span> <span class='ocrx_word' id='word_1_53' title='bbox 959 1200 1077 1277; x_wconf 87' lang='lat' dir='ltr'>terra</span> <span class='ocrx_word' id='word_1_54' title='bbox 1103 1217 1193 1276; x_wconf 92' lang='lat' dir='ltr'>non</span> <span class='ocrx_word' id='word_1_55' title='bbox 1220 1191 1418 1299; x_wconf 64' lang='lat' dir='ltr'>capiaris,</span> 
     </span>
     <span class='ocr_line' id='line_1_9' title="bbox 222 1291 1417 1400; baseline 0 -23"><span class='ocrx_word' id='word_1_56' title='bbox 222 1291 400 1378; x_wconf 92' lang='lat' dir='ltr'>domum</span> <span class='ocrx_word' id='word_1_57' title='bbox 439 1304 587 1380; x_wconf 87' lang='lat' dir='ltr'>tamen</span> <span class='ocrx_word' id='word_1_58' title='bbox 627 1294 820 1400; x_wconf 65' lang='lat' dir='ltr'>dignaris</span> <span class='ocrx_word' id='word_1_59' title='bbox 859 1295 1021 1381; x_wconf 81' lang='lat' dir='ltr'>habere</span> <span class='ocrx_word' id='word_1_60' title='bbox 1062 1298 1107 1379; x_wconf 91' lang='lat' dir='ltr'>in</span> <span class='ocrx_word' id='word_1_61' title='bbox 1150 1296 1300 1396; x_wconf 89' lang='lat' dir='ltr'>terris,</span> <span class='ocrx_word' id='word_1_62' title='bbox 1341 1293 1417 1380; x_wconf 92' lang='lat' dir='ltr'>ubi</span> 
     </span>
     <span class='ocr_line' id='line_1_10' title="bbox 125 1401 1416 1506; baseline 0.003 -26"><span class='ocrx_word' id='word_1_63' title='bbox 125 1421 287 1482; x_wconf 93' lang='lat' dir='ltr'>nomen</span> <span class='ocrx_word' id='word_1_64' title='bbox 313 1408 437 1484; x_wconf 93' lang='lat' dir='ltr'>tuum</span> <span class='ocrx_word' id='word_1_65' title='bbox 466 1401 620 1505; x_wconf 79' lang='lat' dir='ltr'>‘igiter</span> <span class='ocrx_word' id='word_1_66' title='bbox 648 1401 891 1485; x_wconf 78' lang='lat' dir='ltr'>invocetur·</span> <span class='ocrx_word' id='word_1_67' title='bbox 919 1401 1066 1484; x_wconf 91' lang='lat' dir='ltr'>locum</span> <span class='ocrx_word' id='word_1_68' title='bbox 1093 1401 1220 1501; x_wconf 92' lang='lat' dir='ltr'>hunc,</span> <span class='ocrx_word' id='word_1_69' title='bbox 1248 1404 1416 1506; x_wconf 70' lang='lat' dir='ltr'>quaesu·</span> 
     </span>
     <span class='ocr_line' id='line_1_11' title="bbox 124 1467 1410 1610; baseline 0.002 -24"><span class='ocrx_word' id='word_1_70' title='bbox 124 1527 240 1604; x_wconf 88' lang='lat' dir='ltr'>mus,</span> <span class='ocrx_word' id='word_1_71' title='bbox 280 1502 424 1589; x_wconf 72' lang='lat' dir='ltr'>bettae</span> <span class='ocrx_word' id='word_1_72' title='bbox 508 1510 611 1589; x_wconf 86' lang='lat' dir='ltr'>ariae</span> <span class='ocrx_word' id='word_1_73' title='bbox 652 1530 825 1590; x_wconf 92' lang='lat' dir='ltr'>semer</span> <span class='ocrx_word' id='word_1_74' title='bbox 865 1467 1081 1610; x_wconf 78' lang='lat' dir='ltr'>llirginis,</span> <span class='ocrx_word' id='word_1_75' title='bbox 1118 1516 1163 1590; x_wconf 91' lang='lat' dir='ltr'>et</span> <span class='ocrx_word' id='word_1_76' title='bbox 1203 1504 1322 1590; x_wconf 72' lang='lat' dir='ltr'>beiti</span> <span class='ocrx_word' id='word_1_77' title='bbox 1359 1509 1410 1590; x_wconf 90' lang='lat' dir='ltr'>N.</span> 
     </span>
     <span class='ocr_line' id='line_1_12' title="bbox 120 1533 1410 1717; baseline 0.002 -24"><span class='ocrx_word' id='word_1_78' title='bbox 120 1609 401 1712; x_wconf 81' lang='lat' dir='ltr'>(nominando</span> <span class='ocrx_word' id='word_1_79' title='bbox 422 1612 638 1709; x_wconf 81' lang='lat' dir='ltr'>Sanctum,</span> <span class='ocrx_word' id='word_1_80' title='bbox 658 1612 728 1691; x_wconf 81' lang='lat' dir='ltr'>vel</span> <span class='ocrx_word' id='word_1_81' title='bbox 745 1533 961 1713; x_wconf 57' lang='lat' dir='ltr'>laneum,</span> <span class='ocrx_word' id='word_1_82' title='bbox 983 1613 1027 1693; x_wconf 92' lang='lat' dir='ltr'>in</span> <span class='ocrx_word' id='word_1_83' title='bbox 1048 1615 1168 1717; x_wconf 84' lang='lat' dir='ltr'>cujus</span> <span class='ocrx_word' id='word_1_84' title='bbox 1187 1614 1410 1714; x_wconf 78' lang='lat' dir='ltr'>honorem,</span> 
     </span>
    </p>
   </div>
   <div class='ocr_carea' id='block_1_7' title="bbox 10 1713 1417 2357">
    <p class='ocr_par' dir='ltr' id='par_1_7' title="bbox 10 1713 1417 2357">
     <span class='ocr_line' id='line_1_13' title="bbox 120 1713 1417 1835; baseline -0.002 -37"><span class='ocrx_word' id='word_1_85' title='bbox 120 1743 172 1798; x_wconf 81' lang='lat' dir='ltr'>ac</span> <span class='ocrx_word' id='word_1_86' title='bbox 185 1740 344 1799; x_wconf 91' lang='lat' dir='ltr'>nomen</span> <span class='ocrx_word' id='word_1_87' title='bbox 359 1714 611 1798; x_wconf 80' lang='lat' dir='ltr'>fundabitur</span> <span class='ocrx_word' id='word_1_88' title='bbox 627 1717 839 1818; x_wconf 83' lang='lat' dir='ltr'>Ecclesia)</span> <span class='ocrx_word' id='word_1_89' title='bbox 859 1713 1139 1835; x_wconf 84' lang='lat' dir='ltr'>omniumque</span> <span class='ocrx_word' id='word_1_90' title='bbox 1155 1714 1417 1798; x_wconf 81' lang='lat' dir='ltr'>Sanctorum</span> 
     </span>
     <span class='ocr_line' id='line_1_14' title="bbox 10 1814 1417 1924; baseline 0.002 -27"><span class='ocrx_word' id='word_1_91' title='bbox 10 1907 17 1917; x_wconf 53' lang='grc'><strong>,</strong></span> <span class='ocrx_word' id='word_1_92' title='bbox 124 1814 499 1901; x_wconf 72' lang='lat' dir='ltr'>intercedentibus</span> <span class='ocrx_word' id='word_1_93' title='bbox 530 1817 716 1919; x_wconf 73' lang='lat' dir='ltr'>meritis,</span> <span class='ocrx_word' id='word_1_94' title='bbox 750 1821 906 1901; x_wconf 78' lang='lat' dir='ltr'>sereno</span> <span class='ocrx_word' id='word_1_95' title='bbox 932 1818 1110 1924; x_wconf 72' lang='lat' dir='ltr'>pietitrs</span> <span class='ocrx_word' id='word_1_96' title='bbox 1140 1826 1229 1902; x_wconf 86' lang='lat' dir='ltr'>tuae</span> <span class='ocrx_word' id='word_1_97' title='bbox 1257 1818 1417 1901; x_wconf 80' lang='lat' dir='ltr'>intuitu</span> 
     </span>
     <span class='ocr_line' id='line_1_15' title="bbox 125 1918 1416 2043; baseline 0 -39"><span class='ocrx_word' id='word_1_98' title='bbox 125 1918 265 2022; x_wconf 84' lang='lat' dir='ltr'>visita,</span> <span class='ocrx_word' id='word_1_99' title='bbox 289 1930 333 2005; x_wconf 88' lang='lat' dir='ltr'>et</span> <span class='ocrx_word' id='word_1_100' title='bbox 349 1946 430 2029; x_wconf 93' lang='lat' dir='ltr'>per</span> <span class='ocrx_word' id='word_1_101' title='bbox 444 1920 707 2005; x_wconf 82' lang='lat' dir='ltr'>infusionem</span> <span class='ocrx_word' id='word_1_102' title='bbox 725 1921 879 2025; x_wconf 70' lang='lat' dir='ltr'>gritiae</span> <span class='ocrx_word' id='word_1_103' title='bbox 897 1929 986 2004; x_wconf 88' lang='lat' dir='ltr'>tuae</span> <span class='ocrx_word' id='word_1_104' title='bbox 1010 1919 1065 2005; x_wconf 86' lang='lat' dir='ltr'>ab</span> <span class='ocrx_word' id='word_1_105' title='bbox 1086 1923 1203 2004; x_wconf 87' lang='lat' dir='ltr'>omni</span> <span class='ocrx_word' id='word_1_106' title='bbox 1222 1922 1416 2043; x_wconf 84' lang='lat' dir='ltr'>inquina-</span> 
     </span>
     <span class='ocr_line' id='line_1_16' title="bbox 124 2024 1416 2148; baseline 0.002 -43"><span class='ocrx_word' id='word_1_107' title='bbox 124 2026 275 2108; x_wconf 78' lang='lat' dir='ltr'>mento</span> <span class='ocrx_word' id='word_1_108' title='bbox 325 2025 488 2124; x_wconf 85' lang='lat' dir='ltr'>urifica,</span> <span class='ocrx_word' id='word_1_109' title='bbox 513 2025 881 2132; x_wconf 87' lang='lat' dir='ltr'>purificatumque</span> <span class='ocrx_word' id='word_1_110' title='bbox 905 2027 1128 2128; x_wconf 74' lang='lat' dir='ltr'>conserva,</span> <span class='ocrx_word' id='word_1_111' title='bbox 1156 2035 1199 2110; x_wconf 93' lang='lat' dir='ltr'>et</span> <span class='ocrx_word' id='word_1_112' title='bbox 1218 2050 1293 2148; x_wconf 83' lang='lat' dir='ltr'>qur</span> <span class='ocrx_word' id='word_1_113' title='bbox 1313 2024 1416 2108; x_wconf 81' lang='lat' dir='ltr'>dile-</span> 
     </span>
     <span class='ocr_line' id='line_1_17' title="bbox 125 2127 1417 2237; baseline 0.002 -26"><span class='ocrx_word' id='word_1_114' title='bbox 125 2127 187 2212; x_wconf 87' lang='lat' dir='ltr'>cti</span> <span class='ocrx_word' id='word_1_115' title='bbox 212 2129 278 2212; x_wconf 92' lang='lat' dir='ltr'>tui</span> <span class='ocrx_word' id='word_1_116' title='bbox 338 2128 441 2215; x_wconf 87' lang='lat' dir='ltr'>avid</span> <span class='ocrx_word' id='word_1_117' title='bbox 461 2128 743 2214; x_wconf 82' lang='lat' dir='ltr'>devotionem</span> <span class='ocrx_word' id='word_1_118' title='bbox 766 2129 812 2212; x_wconf 89' lang='lat' dir='ltr'>ln</span> <span class='ocrx_word' id='word_1_119' title='bbox 830 2129 910 2212; x_wconf 85' lang='lat' dir='ltr'>lilii</span> <span class='ocrx_word' id='word_1_120' title='bbox 929 2130 997 2214; x_wconf 92' lang='lat' dir='ltr'>sui</span> <span class='ocrx_word' id='word_1_121' title='bbox 1017 2129 1264 2214; x_wconf 79' lang='lat' dir='ltr'>Salomonis</span> <span class='ocrx_word' id='word_1_122' title='bbox 1282 2133 1417 2237; x_wconf 81' lang='lat' dir='ltr'>opere</span> 
     </span>
     <span class='ocr_line' id='line_1_18' title="bbox 127 2233 1417 2357; baseline 0.002 -41"><span class='ocrx_word' id='word_1_123' title='bbox 127 2233 416 2340; x_wconf 83' lang='lat' dir='ltr'>complevisti,</span> <span class='ocrx_word' id='word_1_124' title='bbox 442 2233 485 2315; x_wconf 87' lang='lat' dir='ltr'>in</span> <span class='ocrx_word' id='word_1_125' title='bbox 514 2233 600 2318; x_wconf 94' lang='lat' dir='ltr'>hoc</span> <span class='ocrx_word' id='word_1_126' title='bbox 626 2239 761 2341; x_wconf 85' lang='lat' dir='ltr'>opere</span> <span class='ocrx_word' id='word_1_127' title='bbox 783 2233 1002 2319; x_wconf 77' lang='lat' dir='ltr'>desideria</span> <span class='ocrx_word' id='word_1_128' title='bbox 1026 2244 1178 2319; x_wconf 87' lang='lat' dir='ltr'>nostra</span> <span class='ocrx_word' id='word_1_129' title='bbox 1203 2234 1417 2357; x_wconf 82' lang='lat' dir='ltr'>perficere</span> 
     </span>
    </p>
   </div>
   <div class='ocr_carea' id='block_1_8' title="bbox 21 2336 1416 3187">
    <p class='ocr_par' dir='ltr' id='par_1_8' title="bbox 21 2336 1416 2759">
     <span class='ocr_line' id='line_1_19' title="bbox 126 2336 1416 2461; baseline -0.001 -40"><span class='ocrx_word' id='word_1_130' title='bbox 126 2336 330 2442; x_wconf 77' lang='lat' dir='ltr'>digneris,</span> <span class='ocrx_word' id='word_1_131' title='bbox 345 2336 641 2444; x_wconf 71' lang='lat' dir='ltr'>effugientque</span> <span class='ocrx_word' id='word_1_132' title='bbox 655 2364 807 2423; x_wconf 93' lang='lat' dir='ltr'>omnes</span> <span class='ocrx_word' id='word_1_133' title='bbox 822 2340 924 2424; x_wconf 93' lang='lat' dir='ltr'>hinc</span> <span class='ocrx_word' id='word_1_134' title='bbox 937 2339 1416 2461; x_wconf 71' lang='lat' dir='ltr'>nequitiaespnnuoles.</span> 
     </span>
     <span class='ocr_line' id='line_1_20' title="bbox 124 2442 1416 2528; baseline 0 -4"><span class='ocrx_word' id='word_1_135' title='bbox 124 2442 209 2525; x_wconf 92' lang='lat' dir='ltr'>Per</span> <span class='ocrx_word' id='word_1_136' title='bbox 227 2443 464 2526; x_wconf 85' lang='lat' dir='ltr'>Dominum</span> <span class='ocrx_word' id='word_1_137' title='bbox 481 2453 682 2527; x_wconf 91' lang='lat' dir='ltr'>nostrum</span> <span class='ocrx_word' id='word_1_138' title='bbox 699 2443 724 2525; x_wconf 89' lang='lat' dir='ltr'><strong>J</strong></span> <span class='ocrx_word' id='word_1_139' title='bbox 726 2467 849 2527; x_wconf 90' lang='lat' dir='ltr'>esum</span> <span class='ocrx_word' id='word_1_140' title='bbox 865 2442 1087 2528; x_wconf 88' lang='lat' dir='ltr'>Christum</span> <span class='ocrx_word' id='word_1_141' title='bbox 1101 2443 1260 2527; x_wconf 89' lang='lat' dir='ltr'>Fihum</span> <span class='ocrx_word' id='word_1_142' title='bbox 1278 2452 1416 2527; x_wconf 91' lang='lat' dir='ltr'>tuum:</span> 
     </span>
     <span class='ocr_line' id='line_1_21' title="bbox 21 2546 1416 2655; baseline 0 -26"><span class='ocrx_word' id='word_1_143' title='bbox 21 2632 33 2654; x_wconf 31' lang='lat'><strong>⁴</strong></span> <span class='ocrx_word' id='word_1_144' title='bbox 125 2546 211 2647; x_wconf 91' lang='lat' dir='ltr'>Qui</span> <span class='ocrx_word' id='word_1_145' title='bbox 236 2555 382 2631; x_wconf 89' lang='lat' dir='ltr'>tecum</span> <span class='ocrx_word' id='word_1_146' title='bbox 410 2547 519 2631; x_wconf 84' lang='lat' dir='ltr'>vivit</span> <span class='ocrx_word' id='word_1_147' title='bbox 553 2556 596 2631; x_wconf 90' lang='lat' dir='ltr'>et</span> <span class='ocrx_word' id='word_1_148' title='bbox 622 2572 671 2632; x_wconf 93' lang='lat' dir='ltr'>re</span> <span class='ocrx_word' id='word_1_149' title='bbox 701 2556 777 2631; x_wconf 86' lang='lat' dir='ltr'>nat</span> <span class='ocrx_word' id='word_1_150' title='bbox 800 2548 845 2629; x_wconf 88' lang='lat' dir='ltr'>in</span> <span class='ocrx_word' id='word_1_151' title='bbox 871 2548 1038 2633; x_wconf 66' lang='lat' dir='ltr'>unitate</span> <span class='ocrx_word' id='word_1_152' title='bbox 1060 2547 1250 2655; x_wconf 82' lang='lat' dir='ltr'>Spiritus</span> <span class='ocrx_word' id='word_1_153' title='bbox 1276 2548 1416 2632; x_wconf 87' lang='lat' dir='ltr'>sancti</span> 
     </span>
     <span class='ocr_line' id='line_1_22' title="bbox 123 2574 1306 2759; baseline 0.002 -27"><span class='ocrx_word' id='word_1_154' title='bbox 123 2650 256 2754; x_wconf 73' lang='lat' dir='ltr'>Deus</span> <span class='ocrx_word' id='word_1_155' title='bbox 282 2676 362 2758; x_wconf 91' lang='lat' dir='ltr'>per</span> <span class='ocrx_word' id='word_1_156' title='bbox 391 2651 537 2735; x_wconf 81' lang='lat' dir='ltr'>omnia</span> <span class='ocrx_word' id='word_1_157' title='bbox 561 2574 723 2736; x_wconf 67' lang='lat' dir='ltr'>surcula</span> <span class='ocrx_word' id='word_1_158' title='bbox 750 2652 1022 2736; x_wconf 86' lang='lat' dir='ltr'>saeculdrum.</span> <span class='ocrx_word' id='word_1_159' title='bbox 1070 2656 1122 2759; x_wconf 67' lang='lat' dir='ltr'>ll.</span> <span class='ocrx_word' id='word_1_160' title='bbox 1153 2652 1306 2736; x_wconf 63' lang='lat' dir='ltr'>lmen.</span> 
     </span>
    </p>

    <p class='ocr_par' dir='ltr' id='par_1_9' title="bbox 119 2787 1408 2965">
     <span class='ocr_line' id='line_1_23' title="bbox 199 2787 1408 2873; baseline 0.006 -24"><span class='ocrx_word' id='word_1_161' title='bbox 199 2787 280 2850; x_wconf 85' lang='lat' dir='ltr'>Post</span> <span class='ocrx_word' id='word_1_162' title='bbox 301 2787 373 2850; x_wconf 83' lang='lat' dir='ltr'>lucc</span> <span class='ocrx_word' id='word_1_163' title='bbox 395 2795 488 2850; x_wconf 81' lang='lat' dir='ltr'>stans</span> <span class='ocrx_word' id='word_1_164' title='bbox 509 2787 616 2850; x_wconf 78' lang='lat' dir='ltr'>adhuc</span> <span class='ocrx_word' id='word_1_165' title='bbox 636 2787 706 2850; x_wconf 87' lang='lat' dir='ltr'>sinc</span> <span class='ocrx_word' id='word_1_166' title='bbox 727 2787 832 2871; x_wconf 79' lang='lat' dir='ltr'>mitra,</span> <span class='ocrx_word' id='word_1_167' title='bbox 854 2787 1010 2851; x_wconf 84' lang='lat' dir='ltr'>Pontifex</span> <span class='ocrx_word' id='word_1_168' title='bbox 1032 2789 1196 2853; x_wconf 81' lang='lat' dir='ltr'>benedicit</span> <span class='ocrx_word' id='word_1_169' title='bbox 1215 2793 1408 2873; x_wconf 78' lang='lat' dir='ltr'>primarium</span> 
     </span>
     <span class='ocr_line' id='line_1_24' title="bbox 119 2882 426 2965; baseline 0.007 -19"><span class='ocrx_word' id='word_1_170' title='bbox 119 2882 273 2965; x_wconf 84' lang='lat' dir='ltr'>lapidem,</span> <span class='ocrx_word' id='word_1_171' title='bbox 298 2884 426 2948; x_wconf 88' lang='lat' dir='ltr'>dicens:</span> 
     </span>
    </p>

    <p class='ocr_par' dir='ltr' id='par_1_10' title="bbox 197 2966 1277 3100">
     <span class='ocr_line' id='line_1_25' title="bbox 197 2966 1277 3100; baseline 0 -40"><span class='ocrx_word' id='word_1_172' title='bbox 197 2966 249 3073; x_wconf 78' lang='lat' dir='ltr'>ll.</span> <span class='ocrx_word' id='word_1_173' title='bbox 277 2975 560 3100; x_wconf 76' lang='lat' dir='ltr'>Adjutomum</span> <span class='ocrx_word' id='word_1_174' title='bbox 586 2985 788 3061; x_wconf 91' lang='lat' dir='ltr'>nostrum</span> <span class='ocrx_word' id='word_1_175' title='bbox 814 2978 860 3058; x_wconf 93' lang='lat' dir='ltr'>in</span> <span class='ocrx_word' id='word_1_176' title='bbox 886 2978 1064 3062; x_wconf 85' lang='lat' dir='ltr'>nomine</span> <span class='ocrx_word' id='word_1_177' title='bbox 1088 2977 1277 3063; x_wconf 80' lang='lat' dir='ltr'>Domini.</span> 
     </span>
    </p>

    <p class='ocr_par' dir='ltr' id='par_1_11' title="bbox 197 3081 991 3187">
     <span class='ocr_line' id='line_1_26' title="bbox 197 3081 991 3187; baseline -0.003 -21"><span class='ocrx_word' id='word_1_178' title='bbox 197 3083 250 3187; x_wconf 64' lang='lat' dir='ltr'>Il.</span> <span class='ocrx_word' id='word_1_179' title='bbox 269 3081 365 3183; x_wconf 60' lang='lat' dir='ltr'>&gt;Qu1</span> <span class='ocrx_word' id='word_1_180' title='bbox 392 3081 496 3166; x_wconf 88' lang='lat' dir='ltr'>fecit</span> <span class='ocrx_word' id='word_1_181' title='bbox 523 3082 695 3183; x_wconf 87' lang='lat' dir='ltr'>coelum,</span> <span class='ocrx_word' id='word_1_182' title='bbox 724 3090 767 3166; x_wconf 91' lang='lat' dir='ltr'>et</span> <span class='ocrx_word' id='word_1_183' title='bbox 793 3090 991 3175; x_wconf 69' lang='lat' dir='ltr'>terram..</span> 
     </span>
    </p>
   </div>
   <div class='ocr_carea' id='block_1_9' title="bbox 197 3187 1166 3409">
    <p class='ocr_par' dir='ltr' id='par_1_12' title="bbox 197 3187 1166 3409">
     <span class='ocr_line' id='line_1_27' title="bbox 197 3187 1054 3293; baseline 0.001 -13"><span class='ocrx_word' id='word_1_184' title='bbox 197 3187 248 3293; x_wconf 80' lang='lat' dir='ltr'>ll.</span> <span class='ocrx_word' id='word_1_185' title='bbox 277 3198 343 3282; x_wconf 87' lang='lat' dir='ltr'>Sit</span> <span class='ocrx_word' id='word_1_186' title='bbox 370 3224 530 3284; x_wconf 90' lang='lat' dir='ltr'>nomen</span> <span class='ocrx_word' id='word_1_187' title='bbox 556 3198 735 3284; x_wconf 80' lang='lat' dir='ltr'>Domini</span> <span class='ocrx_word' id='word_1_188' title='bbox 763 3197 1054 3283; x_wconf 90' lang='lat' dir='ltr'>benedictum.</span> 
     </span>
     <span class='ocr_line' id='line_1_28' title="bbox 197 3302 1166 3409; baseline 0.001 -25"><span class='ocrx_word' id='word_1_189' title='bbox 197 3304 249 3408; x_wconf 71' lang='lat' dir='ltr'>il.</span> <span class='ocrx_word' id='word_1_190' title='bbox 277 3302 345 3385; x_wconf 82' lang='lat' dir='ltr'>Ex</span> <span class='ocrx_word' id='word_1_191' title='bbox 371 3303 456 3387; x_wconf 89' lang='lat' dir='ltr'>hoc</span> <span class='ocrx_word' id='word_1_192' title='bbox 481 3329 607 3405; x_wconf 86' lang='lat' dir='ltr'>nunc,</span> <span class='ocrx_word' id='word_1_193' title='bbox 636 3313 680 3388; x_wconf 91' lang='lat' dir='ltr'>et</span> <span class='ocrx_word' id='word_1_194' title='bbox 704 3328 846 3409; x_wconf 93' lang='lat' dir='ltr'>usque</span> <span class='ocrx_word' id='word_1_195' title='bbox 872 3304 918 3385; x_wconf 92' lang='lat' dir='ltr'>in</span> <span class='ocrx_word' id='word_1_196' title='bbox 946 3303 1166 3388; x_wconf 69' lang='lat' dir='ltr'>saeculum.</span> 
     </span>
    </p>
   </div>
   <div class='ocr_carea' id='block_1_10' title="bbox 185 3408 1343 3632">
    <p class='ocr_par' dir='ltr' id='par_1_13' title="bbox 185 3408 1343 3632">
     <span class='ocr_line' id='line_1_29' title="bbox 185 3408 1343 3528; baseline -0.001 -25"><span class='ocrx_word' id='word_1_197' title='bbox 185 3408 250 3514; x_wconf 74' lang='lat' dir='ltr'>ll.</span> <span class='ocrx_word' id='word_1_198' title='bbox 276 3419 502 3528; x_wconf 75' lang='lat' dir='ltr'>Ldpidem,</span> <span class='ocrx_word' id='word_1_199' title='bbox 530 3447 660 3528; x_wconf 92' lang='lat' dir='ltr'>quem</span> <span class='ocrx_word' id='word_1_200' title='bbox 687 3418 1036 3528; x_wconf 81' lang='lat' dir='ltr'>reprobaverunt</span> <span class='ocrx_word' id='word_1_201' title='bbox 1064 3419 1343 3506; x_wconf 68' lang='lat' dir='ltr'>aedificintes.</span> 
     </span>
     <span class='ocr_line' id='line_1_30' title="bbox 198 3524 1047 3632; baseline 0 -24"><span class='ocrx_word' id='word_1_202' title='bbox 198 3524 250 3625; x_wconf 75' lang='lat' dir='ltr'>Il.</span> <span class='ocrx_word' id='word_1_203' title='bbox 279 3525 365 3610; x_wconf 90' lang='lat' dir='ltr'>Hic</span> <span class='ocrx_word' id='word_1_204' title='bbox 392 3525 534 3610; x_wconf 87' lang='lat' dir='ltr'>factus</span> <span class='ocrx_word' id='word_1_205' title='bbox 562 3526 702 3611; x_wconf 93' lang='lat' dir='ltr'>estin</span> <span class='ocrx_word' id='word_1_206' title='bbox 729 3535 861 3632; x_wconf 86' lang='lat' dir='ltr'>caput</span> <span class='ocrx_word' id='word_1_207' title='bbox 888 3525 1047 3629; x_wconf 74' lang='lat' dir='ltr'>dnguli.</span> 
     </span>
    </p>
   </div>
   <div class='ocr_carea' id='block_1_11' title="bbox 62 3630 1415 4250">
    <p class='ocr_par' dir='ltr' id='par_1_14' title="bbox 62 3630 1415 4063">
     <span class='ocr_line' id='line_1_31' title="bbox 198 3630 616 3734; baseline 0.005 -10"><span class='ocrx_word' id='word_1_208' title='bbox 198 3630 249 3734; x_wconf 78' lang='lat' dir='ltr'>ll.</span> <span class='ocrx_word' id='word_1_209' title='bbox 278 3640 347 3725; x_wconf 92' lang='lat' dir='ltr'>Tu</span> <span class='ocrx_word' id='word_1_210' title='bbox 375 3667 422 3727; x_wconf 92' lang='lat' dir='ltr'>es</span> <span class='ocrx_word' id='word_1_211' title='bbox 447 3643 616 3729; x_wconf 90' lang='lat' dir='ltr'>Petrus.</span> 
     </span>
     <span class='ocr_line' id='line_1_32' title="bbox 198 3744 1415 3854; baseline 0.001 -25"><span class='ocrx_word' id='word_1_212' title='bbox 198 3744 249 3848; x_wconf 75' lang='lat' dir='ltr'>Il.</span> <span class='ocrx_word' id='word_1_213' title='bbox 278 3744 335 3830; x_wconf 90' lang='lat' dir='ltr'>Et</span> <span class='ocrx_word' id='word_1_214' title='bbox 375 3773 507 3854; x_wconf 90' lang='lat' dir='ltr'>super</span> <span class='ocrx_word' id='word_1_215' title='bbox 543 3748 655 3832; x_wconf 87' lang='lat' dir='ltr'>hanc</span> <span class='ocrx_word' id='word_1_216' title='bbox 693 3756 867 3854; x_wconf 88' lang='lat' dir='ltr'>petram</span> <span class='ocrx_word' id='word_1_217' title='bbox 902 3745 1133 3833; x_wconf 72' lang='lat' dir='ltr'>aedificibo</span> <span class='ocrx_word' id='word_1_218' title='bbox 1172 3746 1415 3832; x_wconf 77' lang='lat' dir='ltr'>Ecclesiam</span> 
     </span>
     <span class='ocr_line' id='line_1_33' title="bbox 62 3876 1285 4063; baseline 0.002 -27"><span class='ocrx_word' id='word_1_219' title='bbox 62 3922 65 3926; x_wconf 26' lang='lat'><strong>⁴</strong></span> <span class='ocrx_word' id='word_1_220' title='bbox 120 3876 433 4050; x_wconf 40' lang='lat' dir='ltr'>meffffldria</span> <span class='ocrx_word' id='word_1_221' title='bbox 459 3954 591 4057; x_wconf 86' lang='lat' dir='ltr'>Patri,</span> <span class='ocrx_word' id='word_1_222' title='bbox 620 3962 663 4039; x_wconf 89' lang='lat' dir='ltr'>et</span> <span class='ocrx_word' id='word_1_223' title='bbox 689 3954 815 4058; x_wconf 86' lang='lat' dir='ltr'>Filio,</span> <span class='ocrx_word' id='word_1_224' title='bbox 844 3965 887 4040; x_wconf 92' lang='lat' dir='ltr'>et</span> <span class='ocrx_word' id='word_1_225' title='bbox 914 3955 1095 4063; x_wconf 90' lang='lat' dir='ltr'>Spiritui</span> <span class='ocrx_word' id='word_1_226' title='bbox 1121 3965 1285 4041; x_wconf 84' lang='lat' dir='ltr'>sancto</span> 
     </span>
    </p>

    <p class='ocr_par' dir='ltr' id='par_1_15' title="bbox 120 4058 1414 4250">
     <span class='ocr_line' id='line_1_34' title="bbox 198 4058 1414 4167; baseline 0.004 -27"><span class='ocrx_word' id='word_1_227' title='bbox 198 4061 251 4164; x_wconf 62' lang='lat' dir='ltr'>ll.</span> <span class='ocrx_word' id='word_1_228' title='bbox 278 4058 400 4143; x_wconf 91' lang='lat' dir='ltr'>Sicut</span> <span class='ocrx_word' id='word_1_229' title='bbox 425 4069 518 4144; x_wconf 86' lang='lat' dir='ltr'>erat</span> <span class='ocrx_word' id='word_1_230' title='bbox 544 4060 589 4142; x_wconf 92' lang='lat' dir='ltr'>in</span> <span class='ocrx_word' id='word_1_231' title='bbox 608 4059 837 4167; x_wconf 89' lang='lat' dir='ltr'>principio,</span> <span class='ocrx_word' id='word_1_232' title='bbox 866 4070 909 4144; x_wconf 90' lang='lat' dir='ltr'>et</span> <span class='ocrx_word' id='word_1_233' title='bbox 934 4084 1059 4160; x_wconf 90' lang='lat' dir='ltr'>nunc,</span> <span class='ocrx_word' id='word_1_234' title='bbox 1088 4071 1131 4145; x_wconf 91' lang='lat' dir='ltr'>et</span> <span class='ocrx_word' id='word_1_235' title='bbox 1158 4086 1341 4166; x_wconf 88' lang='lat' dir='ltr'>semper,</span> <span class='ocrx_word' id='word_1_236' title='bbox 1370 4071 1414 4145; x_wconf 88' lang='lat' dir='ltr'>et</span> 
     </span>
     <span class='ocr_line' id='line_1_35' title="bbox 120 4163 863 4250; baseline -0.004 -1"><span class='ocrx_word' id='word_1_237' title='bbox 120 4166 169 4249; x_wconf 93' lang='lat' dir='ltr'>in</span> <span class='ocrx_word' id='word_1_238' title='bbox 194 4164 358 4249; x_wconf 58' lang='lat' dir='ltr'>saecula</span> <span class='ocrx_word' id='word_1_239' title='bbox 384 4163 658 4250; x_wconf 81' lang='lat' dir='ltr'>saeculorum</span> <span class='ocrx_word' id='word_1_240' title='bbox 709 4164 863 4248; x_wconf 86' lang='lat' dir='ltr'>Amen.</span> 
     </span>
    </p>
   </div>
   <div class='ocr_carea' id='block_1_12' title="bbox 667 4293 863 4378">
    <p class='ocr_par' dir='ltr' id='par_1_16' title="bbox 667 4293 863 4378">
     <span class='ocr_line' id='line_1_36' title="bbox 667 4293 863 4378; baseline 0.005 -3"><span class='ocrx_word' id='word_1_241' title='bbox 667 4293 863 4378; x_wconf 82' lang='lat' dir='ltr'>Oremus.</span> 
     </span>
    </p>
   </div>
   <div class='ocr_carea' id='block_1_13' title="bbox 122 4411 1414 4731">
    <p class='ocr_par' dir='ltr' id='par_1_17' title="bbox 122 4411 1414 4731">
     <span class='ocr_line' id='line_1_37' title="bbox 191 4411 1414 4519; baseline 0 -20"><span class='ocrx_word' id='word_1_242' title='bbox 191 4414 338 4500; x_wconf 81' lang='lat' dir='ltr'>omine</span> <span class='ocrx_word' id='word_1_243' title='bbox 364 4415 389 4497; x_wconf 89' lang='lat' dir='ltr'><strong>J</strong></span> <span class='ocrx_word' id='word_1_244' title='bbox 391 4439 468 4499; x_wconf 90' lang='lat' dir='ltr'>esu</span> <span class='ocrx_word' id='word_1_245' title='bbox 500 4411 673 4500; x_wconf 89' lang='lat' dir='ltr'>Christe</span> <span class='ocrx_word' id='word_1_246' title='bbox 708 4414 793 4498; x_wconf 90' lang='lat' dir='ltr'>Fili</span> <span class='ocrx_word' id='word_1_247' title='bbox 824 4415 909 4500; x_wconf 93' lang='lat' dir='ltr'>Dei</span> <span class='ocrx_word' id='word_1_248' title='bbox 943 4413 1052 4515; x_wconf 84' lang='lat' dir='ltr'>vivi,</span> <span class='ocrx_word' id='word_1_249' title='bbox 1090 4414 1166 4519; x_wconf 90' lang='lat' dir='ltr'>qui</span> <span class='ocrx_word' id='word_1_250' title='bbox 1202 4440 1248 4498; x_wconf 94' lang='lat' dir='ltr'>es</span> <span class='ocrx_word' id='word_1_251' title='bbox 1283 4442 1414 4500; x_wconf 88' lang='lat' dir='ltr'>verus</span> 
     </span>
     <span class='ocr_line' id='line_1_38' title="bbox 222 4518 1412 4642; baseline 0 -38"><span class='ocrx_word' id='word_1_252' title='bbox 222 4524 499 4642; x_wconf 89' lang='lat' dir='ltr'>omnipotens</span> <span class='ocrx_word' id='word_1_253' title='bbox 517 4520 650 4622; x_wconf 87' lang='lat' dir='ltr'>Deus,</span> <span class='ocrx_word' id='word_1_254' title='bbox 678 4518 889 4642; x_wconf 79' lang='lat' dir='ltr'>splendor</span> <span class='ocrx_word' id='word_1_255' title='bbox 918 4528 962 4605; x_wconf 91' lang='lat' dir='ltr'>et</span> <span class='ocrx_word' id='word_1_256' title='bbox 988 4519 1131 4642; x_wconf 68' lang='lat' dir='ltr'>imago</span> <span class='ocrx_word' id='word_1_257' title='bbox 1160 4521 1313 4603; x_wconf 79' lang='lat' dir='ltr'>aeterni</span> <span class='ocrx_word' id='word_1_258' title='bbox 1333 4521 1412 4604; x_wconf 88' lang='lat' dir='ltr'>Pa·</span> 
     </span>
     <span class='ocr_line' id='line_1_39' title="bbox 122 4622 1412 4731; baseline 0 -22"><span class='ocrx_word' id='word_1_259' title='bbox 122 4623 216 4727; x_wconf 87' lang='lat' dir='ltr'>tris,</span> <span class='ocrx_word' id='word_1_260' title='bbox 244 4633 288 4709; x_wconf 90' lang='lat' dir='ltr'>et</span> <span class='ocrx_word' id='word_1_261' title='bbox 314 4633 406 4708; x_wconf 87' lang='lat' dir='ltr'>v1ta</span> <span class='ocrx_word' id='word_1_262' title='bbox 432 4627 605 4728; x_wconf 80' lang='lat' dir='ltr'>aeterna,</span> <span class='ocrx_word' id='word_1_263' title='bbox 634 4649 710 4729; x_wconf 84' lang='lat' dir='ltr'>qur</span> <span class='ocrx_word' id='word_1_264' title='bbox 733 4650 780 4710; x_wconf 91' lang='lat' dir='ltr'>es</span> <span class='ocrx_word' id='word_1_265' title='bbox 801 4624 914 4731; x_wconf 77' lang='lat' dir='ltr'>lapis</span> <span class='ocrx_word' id='word_1_266' title='bbox 933 4622 1153 4727; x_wconf 69' lang='lat' dir='ltr'>angulani</span> <span class='ocrx_word' id='word_1_267' title='bbox 1181 4623 1237 4710; x_wconf 91' lang='lat' dir='ltr'>de</span> <span class='ocrx_word' id='word_1_268' title='bbox 1261 4635 1412 4709; x_wconf 88' lang='lat' dir='ltr'>monte</span> 
     </span>
    </p>
   </div>
   <div class='ocr_carea' id='block_1_14' title="bbox 0 0 1550 5094">
    <p class='ocr_par' dir='ltr' id='par_1_18' title="bbox 0 0 1550 5094">
     <span class='ocr_line' id='line_1_40' title="bbox 0 0 1550 5094; baseline 0 0"><span class='ocrx_word' id='word_1_269' title='bbox 0 0 1550 5094; x_wconf 95' lang='lat' dir='ltr'> </span> 
     </span>
    </p>
   </div>
  </div>
 </body>
</html>
