3090 5094
138 327 180 394 58
542 340 592 401 De
615 340 771 403 Ecclesiae
795 340 1011 404 Dedicatiune

170 723 232 803 ΡΒ.
247 723 334 802 149.
362 719 545 801 cantate
570 715 773 801 D6min0.

653 904 803 966 Paulinus
827 906 896 968 149.

196 1015 342 1095 antate
375 1009 565 1095 Dnmino
601 1011 818 1097 canticum
853 1037 1032 1098 novum:
1062 1016 1081 1058 *
1116 1009 1214 1094 laus
1250 1010 1341 1115 eius
1372 1007 1409 1090 in

210 1114 407 1228 Ecclesia
437 1119 698 1199 sanctarum.

200 1234 408 1322 Laetetur
442 1236 581 1319 Israel
615 1237 660 1320 in
696 1262 770 1339 eo,
806 1237 880 1343 qui
913 1236 1017 1322 fecit
1054 1262 1172 1322 eum:
1205 1234 1231 1286 *
1266 1241 1312 1319 et
1343 1229 1410 1316 tilii
1461 1258 1464 1317 i

139 1340 243 1424 Sion
271 1340 489 1424 exsultent
515 1340 560 1422 in
585 1367 689 1446 rege
716 1367 808 1427 suo.
1462 1334 1464 1363 '

214 1461 413 1546 Laudent
438 1486 598 1547 nomen
623 1467 713 1572 ejus
740 1464 786 1548 in
812 1464 968 1550 choro:
994 1465 1016 1516 *
1047 1463 1091 1547 in
1117 1467 1347 1571 tympano,
1372 1468 1408 1544 et

140 1564 347 1673 psalterio
375 1566 565 1673 psallant
590 1569 639 1653 ei.

216 1687 326 1788 Quia
351 1686 673 1793 beneplacitum
701 1697 768 1774 est
793 1689 983 1774 D6min0
1000 1690 1056 1802 ,in
1081 1689 1250 1798 pepulo
1279 1688 1410 1774 suozi
1462 1716 1464 1733 ¹

140 1799 183 1874 et
210 1792 418 1877 exaltabit
444 1797 695 1878 mansuetos
723 1795 771 1877 in
794 1794 990 1879 salutem.
1092 1854 1096 1860 ·
1462 1806 1464 1813 '

213 1913 504 1999 Exsultabunt
539 1914 688 1999 Sancti
725 1915 770 1997 in
807 1915 965 2020 glaria:
1004 1917 1027 1969 *
1065 1914 1337 2000 laetabuntur
1372 1912 1411 1995 in

139 2016 352 2103 eubilibus
380 2019 480 2102 suis.

213 2138 513 2225 Exaltatinnes
547 2141 633 2225 Dei
667 2141 712 2223 in
746 2147 922 2246 gutture
956 2144 1124 2226 esrum:
1157 2146 1177 2190 *
1212 2149 1259 2225 et
1286 2136 1414 2247 gladii

139 2243 350 2349 ancipites
376 2242 421 2326 in
447 2244 646 2329 manibus
675 2249 836 2330 ebrum.

212 2364 284 2450 Ad
310 2364 551 2450 faciendam
579 2364 817 2450 vindictam
847 2366 891 2449 in
918 2364 1186 2451 natitnibus:
1221 2366 1244 2418 *
1283 2366 1412 2452 incre

140 2471 339 2574 patinnes
365 2470 410 2553 in
436 2471 622 2578 populis.

214 2591 286 2675 Ad
313 2591 554 2695 alligandos
581 2618 707 2698 reges
735 2596 886 2677 ebrum
907 2593 956 2675 in
983 2589 1296 2698 compedibus:
1322 2593 1345 2645 *
1375 2600 1415 2678 et
1462 2654 1464 2679 .

139 2694 307 2783 nubiles
335 2699 487 2780 ebrum
512 2697 556 2779 in
583 2697 764 2782 manicis
791 2696 954 2781 ferreis.

215 2818 274 2903 Ut
300 2817 460 2902 faciant
485 2818 530 2902 in
556 2820 618 2904 eis
645 2817 850 2926 judicium
877 2820 1191 2924 conscriptum:
1221 2817 1247 2869 *
1280 2817 1412 2926 gloria

139 2920 234 3007 haec
263 2933 330 3007 est
357 2923 558 3010 Omnibus
586 2923 748 3008 sanctis
777 2924 877 3028 ejus.
911 3022 912 3026 Ν

654 3114 901 3180 Psalmus150.

143 3218 346 3411 Laudate
373 3219 608 3304 Dnminum
642 3218 687 3301 in
719 3219 881 3303 sanctis
914 3220 1023 3324 ejus:
1057 3217 1079 3268 *
1112 3215 1296 3304 laudate
1323 3242 1412 3303 eum

217 3324 262 3406 in
288 3324 561 3408 firmamento
589 3323 762 3408 virtutis
790 3325 890 3428 ejus.

215 3443 410 3529 Laudate
443 3470 541 3528 eum
573 3445 618 3527 in
644 3444 878 3529 virtutibus
913 3444 1021 3547 ejus:
1054 3442 1076 3493 *
1110 3440 1292 3529 laudate
1321 3469 1410 3531 eum

141 3548 379 3634 secundum
403 3548 726 3633 multitudinem
751 3545 1062 3652 magnitudinis
1090 3547 1191 3651 ejus.

213 3678 409 3764 Laudate
446 3703 544 3763 eum
578 3679 622 3761 in
658 3703 767 3763 sono
804 3676 940 3762 tubae:
975 3674 1206 3760 *laudate
1243 3678 1411 3763 eumin

138 3782 357 3888 psalteria,
385 3792 428 3868 et
455 3781 632 3868 cithara.

214 3913 411 3999 Laudate
453 3940 550 3999 eum
593 3914 637 3996 in
672 3918 878 4019 tympano
917 3922 960 3996 et
994 3910 1149 3994 choro:
1183 3909 1206 3961 *
1242 3894 1411 3998 laudate

139 4044 238 4103 eum
264 4020 308 4102 in
336 4017 512 4102 chordis
540 4028 583 4102 et
610 4022 786 4122 Organo.

213 4149 411 4235 Laudate
447 4175 545 4237 eum
579 4149 622 4232 in
659 4149 867 4255 ey'mbalis
901 4146 1296 4251 benesonantibus,
1335 4147 1411 4232 lau·

140 4250 240 4337 date
268 4255 438 4339 eumin
465 4253 674 4361 cymbalis
701 4252 1034 4359 iubilatinnisz*
1067 4251 1210 4338 omnis
1239 4254 1410 4361 spiritus

139 4354 288 4444 laudet
313 4360 560 4444 D6minum.

233 4523 268 4584 lit
300 4542 364 4587 non
397 4527 512 4588 dicitur
542 4517 657 4585 Glaria
687 4518 793 4603 Patri,
828 4524 884 4586 sed
917 4525 1071 4605 repetitur
1101 4522 1304 4605 Antiphona.
1349 4520 1411 4601 Qua

143 4619 237 4701 dicta.
262 4621 422 4706 'i'nntit'eu
446 4623 594 4703 deposita
618 4623 722 4704 mitra,
745 4641 859 4687 uersus
883 4622 925 4684 ad
948 4622 1047 4684 altene.
1071 4621 1164 4684 dicit:
1195 4670 1198 4675 .
1274 4669 1311 4679 ,.
