3090 5094
501 370 552 431 lle
576 368 702 432 Altaris
727 370 997 433 tlorrseeratioue.
1332 363 1393 428 1οἹ

180 530 356 614 Repetitur
380 532 581 615 Antiphone.

95 721 111 739 ·
179 628 333 713 Astitit
351 633 503 732 regina
525 655 551 713 a
570 629 738 715 dextris
761 632 849 715 tuis
872 633 916 715 in
938 637 1103 717 vestitu
1127 632 1395 718 deaurotoz*

49 732 372 820 cucumdata
390 734 616 820 varietate.

179 859 355 941 Repetitur
378 860 578 942 Antiphona.

178 956 295 1041 Audi
313 956 413 1060 filia,
428 968 473 1042 et
491 958 604 1060 vide,
619 968 664 1043 et
683 958 844 1043 inclina
862 983 1014 1043 aurem
1033 968 1171 1043 tuam:
1188 966 1268 1046 *et
1287 962 1395 1046 obli·

53 1058 268 1147 viscere
287 1060 503 1167 populum
521 1074 657 1164 tuum,
676 1074 721 1147 et
741 1062 921 1150 domum
939 1063 1077 1168 patris
1096 1065 1171 1148 tui.

180 1185 357 1270 Repetitur
381 1188 580 1270 Antiphone.

177 1287 235 1369 Et
254 1291 539 1392 concupiscet
558 1312 636 1370 rex
656 1286 865 1370 decorem
883 1296 1022 1370 tuum:
1036 1289 1058 1341 *
1073 1278 1281 1393 quoniam
1299 1290 1396 1395 ipse

57 1396 167 1474 est
185 1389 402 1473 Dominus
421 1390 543 1474 Deus
562 1401 675 1490 tuus,
695 1403 740 1476 et
758 1389 1008 1475 adorobunt
1028 1418 1140 1477 eum.

178 1512 355 1595 Repetitur
378 1514 579 1598 Antiphone.

176 1613 236 1699 Et
258 1614 362 1699 ffliae
386 1615 494 1720 Tyri
517 1616 562 1697 in
586 1615 840 1699 munoribus
858 1617 880 1669 *
898 1614 1068 1700 vultum
1093 1627 1218 1702 tuum
1242 1615 1395 1722 depre-

58 1716 332 1803 cabuntur:
349 1743 502 1802 omnes
524 1718 683 1804 divites
702 1718 856 1825 plebis.

176 1838 352 1921 Repetitur
375 1842 575 1926 Antiphone.
1263 1878 1282 1915 0

177 1938 334 2025 Omnis
352 1942 494 2045 gloria
513 1945 604 2048 ejus
623 1941 727 2026 sssiae
747 1944 863 2064 regis
886 1943 943 2029 ab
962 1947 1091 2044 intus,
1109 1950 1128 1992 *
1146 1944 1192 2025 in
1210 1941 1396 2025 fimbriis

56 2046 246 2129 aureis
265 2047 595 2130 circumamicta
612 2045 912 2131 varietatibus.

184 2166 359 2250 Repetitur
382 2170 582 2254 Antiphona.

175 2266 469 2354 Adducentur
485 2271 578 2375 regi
592 2270 782 2373 virgines
797 2280 900 2378 post
915 2297 1027 2358 eam:
1041 2271 1291 2378 *proximae
1305 2271 1397 2375 ejus

55 2372 338 2458 afferentur
356 2373 448 2459 tibi.

175 2496 352 2579 Repetitur
376 2498 577 2581 Antiphone.

67 2689 90 2710 ,
177 2596 429 2683 Afferontur
448 2599 492 2680 in
511 2598 667 2682 laetitia
691 2609 736 2683 et
755 2602 1062 2686 exsultatione:
1081 2600 1103 2651 *
1122 2597 1398 2685 adducentur

61 2716 141 2786 111
162 2700 381 2807 templum
399 2702 526 2803 regis.

181 2831 354 2911 Repetitur
378 2829 580 2911 Antiphone.

179 2928 267 3010 Pro
294 2924 497 3047 patribus
524 2926 612 3009 tuis
638 2925 731 3009 nati
758 2936 860 3010 sunt
887 2926 1084 3010 tibitilii:
1110 2928 1398 3009 *constitues

71 3051 179 3115 eos
198 3034 421 3135 princrpes
440 3055 573 3134 super
593 3055 767 3113 omnem
786 3040 963 3115 terram.

178 3152 356 3236 Repetitur
378 3153 579 3234 Antiphone.

180 3253 399 3339 Memores
418 3264 546 3339 erunt
565 3256 754 3339 nominis
772 3256 850 3340 tui:
873 3256 895 3307 ¹*
913 3255 957 3338 in
977 3254 1096 3338 omni
1113 3251 1398 3355 generatione

82 3368 146 3443 et
164 3359 505 3460 generationem.

181 3497 358 3579 Repetitur
379 3494 582 3577 Antiphone.

181 3598 423 3702 Propterea
441 3596 596 3702 populi
615 3594 943 3681 confitebuntur
961 3593 1043 3679 tibi
1061 3594 1107 3676 in
1125 3595 1354 3677 aetornum:
1377 3591 1399 3642 *

96 3707 148 3784 et
166 3700 211 3782 in
229 3699 441 3783 sa'eculum
460 3699 621 3781 sa'eculi.

181 3852 226 3915 Et
248 3869 316 3915 non
340 3852 460 3914 dieitur
484 3848 603 3915 Gloria
622 3849 723 3915 Patri.

183 3982 317 4063 lnceptu
344 3982 548 4062 Antiphone,
571 3978 741 4055 Pontifex,
764 3994 898 4060 aee-epta
927 3981 1037 4059 mitra,
1061 3982 1179 4042 iterum
1204 3979 1282 4041 facit
1307 3978 1398 4055 quln-

107 4096 167 4157 que
201 4097 317 4141 cruces
351 4079 391 4141 de
422 4086 537 4139 sancto
567 4078 755 4140 l'lhrismate
788 4095 863 4138 eum
892 4077 1013 4156 pollice
1044 4078 1190 4139 dextera
1220 4092 1337 4135 marrus
1368 4074 1400 4134 in

108 4172 215 4237 medio
235 4174 358 4237 tabula
381 4174 510 4249 altaris
534 4186 565 4235 et
588 4175 621 4235 in
644 4182 787 4252 quatuor
810 4171 881 4251 ejus
905 4173 1052 4253 angulis,
1076 4172 1192 4235 ordine
1215 4187 1317 4249 supra
1341 4186 1397 4247 po-

109 4271 179 4352 sito,
202 4288 279 4351 pag.
303 4266 376 4333 103.
401 4270 442 4331 ad
465 4268 645 4347 quamlibet
671 4287 804 4331 erucem
828 4268 955 4330 dicens:

107 4392 347 4583 sanctifi<
370 4401 544 4501 ficetur,
569 4410 621 4523 'et
653 4426 787 4529 conse
817 4402 1028 4522 *lucretru
1046 4397 1177 4527 ,lapis
1208 4397 1304 4479 iste.
1347 4395 1401 4518 In
1430 4481 1433 4487 ,

184 4509 361 4588 nomme
383 4505 447 4587 Pa
464 4506 504 4583 ›1‹
522 4513 621 4603 trrs,
645 4515 690 4588 et
708 4503 760 4585 Fr
781 4508 821 4587 ›l‹
834 4503 892 4602 h1,
915 4501 1168 4624 etnSprrrtus
1190 4508 1230 4587 ›l‹
1247 4508 1400 4601 sanctu

10 4630 12 4635 ·
104 4606 149 4691 in
174 4607 389 4694 honorem
417 4609 515 4711 Dei,
543 4618 588 4694 et
614 4606 822 4710 gloriosae
849 4606 1045 4708 Virgrms
1069 4604 1238 4705 Mariae,
1265 4612 1400 4709 atque
