3150 5094
513 349 566 410 De
587 348 712 413 Altaris
737 348 1005 414 Consecratione.
1346 347 1409 414 105

189 522 364 603 Repetitur
384 519 586 604 Antiphonu.

191 621 409 722 Quoniam
427 631 576 707 rectus
590 622 807 706 Dominus
821 622 944 706 Deus
961 631 1128 707 noster:
1142 627 1161 670 *
1177 628 1222 707 et
1235 644 1323 703 non
1340 628 1407 704 est

122 725 319 831 iniquitas
338 724 384 808 in
404 749 469 810 e0.

189 855 231 916 Et
254 872 318 915 non
345 853 464 916 dicitur
489 847 607 914 Gloria
628 848 734 932 Patri,
758 854 817 916 sed
842 855 1034 939 Antiphoni
1058 860 1225 941 repetitur.
1272 859 1406 920 Interim

120 948 279 1029 Pontifex,
309 960 447 1029 occepta
469 951 581 1023 mitra,
610 948 691 1010 fucit
720 950 838 1013 iterum
866 956 1010 1034 quinque
1038 974 1154 1018 cruces
1185 973 1260 1016 cum
1285 955 1406 1034 pollice

117 1044 152 1106 de
183 1045 301 1107 codem
333 1046 408 1108 olco
441 1044 763 1108 Cutechumcnorum
796 1049 830 1108 in
862 1050 988 1112 eisdem
1019 1052 1103 1113 locis
1133 1052 1268 1129 ultorio,
1305 1062 1336 1110 ct
1366 1069 1405 1112 eo

115 1140 234 1220 ordine,
257 1149 357 1222 prout
378 1142 471 1222 prius
495 1140 583 1223 fecit,
607 1143 733 1224 dicem,
756 1142 834 1206 dum
858 1146 1008 1228 singulas
1030 1165 1146 1219 cruces
1170 1145 1262 1208 fucit:

106 1249 284 1440 Sancti
314 1261 354 1340 ›1‹
377 1259 534 1344 ficetur
571 1271 616 1345 et
654 1285 789 1345 conse
820 1264 860 1343 ›1‹
887 1262 1035 1343 cretur
1063 1257 1179 1366 lapis
1209 1260 1303 1345 iste.
1354 1261 1409 1344 In

188 1364 366 1449 nomine
387 1362 452 1447 Pa
468 1366 508 1445 ›1‹
525 1364 618 1465 trio,
642 1374 687 1448 et
704 1363 756 1446 Fi
774 1367 814 1446 *1⁴
836 1363 895 1462 lii,
920 1374 964 1448 et
987 1363 1176 1486 Spiritus
1195 1367 1234 1446 ›1‹
1255 1364 1407 1465 sancti,

105 1464 155 1548 in
182 1465 398 1553 honorem
425 1467 526 1570 Dei,
553 1478 598 1552 et
624 1467 832 1572 gloriosae
858 1466 1055 1571 Virgims
1082 1467 1246 1570 Mariae,
1274 1476 1408 1581 utque

104 1570 306 1654 omnium
330 1571 604 1675 Sanctorum,
632 1569 690 1656 ad
714 1596 878 1655 nomen
903 1580 947 1657 et
972 1572 1233 1657 memoriam
1257 1571 1408 1657 Sancti

99 1672 149 1755 N
151 1738 160 1754 .
182 1674 278 1758 Pax
296 1673 389 1760 tibi.

186 1807 315 1870 Deinde
343 1807 517 1890 Pontifex,
551 1820 688 1892 accepto
717 1813 885 1875 thuribulo
915 1833 933 1874 a
957 1812 1136 1874 Sacerdote
1165 1814 1266 1874 ultore
1293 1812 1403 1870 inccn-

98 1911 217 1983 sante,
245 1904 418 1986 impositu,
448 1913 485 1968 et·
502 1906 691 1988 benedicto,
720 1917 754 1970 ut
779 1908 884 1990 prius,
912 1911 1063 1990 incenso,
1093 1917 1285 1970 stanneum
1307 1905 1405 1964 mitra

96 1996 242 2060 inchoat
266 2000 394 2082 iterum,
418 2002 533 2065 scholu
553 2023 611 2066 ocu
631 2005 790 2067 ministris
811 2003 1099 2086 prosequentibuS,
1123 2000 1403 2083 Responsorium:

100 2103 316 2175 eumenum,
342 2114 418 2177 pag.
446 2091 498 2155 67.

183 2206 412 2310 Dirigitur
436 2206 580 2290 oratio
610 2231 725 2307 mea,
757 2206 872 2291 sicut
895 2207 1123 2292 incensum
1149 2209 1195 2291 in
1222 2212 1404 2315 conspe-

98 2318 184 2394 ctu
203 2317 282 2393 tuo
302 2309 505 2394 Domine.
1396 2401 1398 2403 ,

185 2407 237 2513 V.
263 2412 465 2497 Elevutio
489 2417 696 2497 munuum
721 2419 919 2499 merirum
941 2416 1205 2499 sacrificium
1229 2442 1405 2523 vesper·

98 2519 259 2600 ‘tinum
989 2546 993 2561 ·

187 2654 263 2732 Quo
286 2657 428 2737 incepto,
453 2655 608 2719 Pontifex
633 2657 749 2718 circuit
773 2658 890 2720 iterum
913 2662 1023 2730 semei¹
1037 2663 1140 2724 altare
1159 2664 1202 2726 ud
1223 2663 1403 2746 dextcrum

103 2750 190 2814 illud
213 2752 432 2832 incensund03
463 2770 528 2831 quo
558 2750 663 2832 facto,
693 2753 844 2815 restituto
875 2755 1043 2819 thuribulo
1067 2757 1254 2838 Sacerdoti,
1284 2771 1315 2822 et
1338 2762 1403 2823 Rc-

105 2849 286 2927 sponsorio
311 2847 414 2931 finito,
437 2846 602 2928 Pontifex,
628 2847 780 2926 deposita
804 2850 911 2930 mitro,
938 2851 1029 2913 dicit:

186 2965 383 3049 Oremuo
427 2982 469 3046 Et
483 2983 639 3049 ministri:
667 2961 919 3046 Flectumus
940 2967 1092 3067 genua.
1137 2969 1188 3072 Re.
1207 2964 1384 3051 Levote.

171 3084 299 3170 desto
322 3085 513 3170 Domine
538 3083 808 3213 deoicutioni
826 3082 957 3206 nujus
980 3110 1145 3216 mensae
1166 3097 1267 3186 tuae,
1291 3095 1335 3168 et
1358 3086 1403 3168 in

106 3186 1402 3413 tennemonnutbonttnffltotttthornuto:

110 3405 152 3480 et
171 3400 553 3481 consecrationem
569 3393 765 3478 infunde:
793 3395 1072 3501 Qu1v1u1set
1091 3421 1249 3502 regnas
1268 3396 1401 3499 Beue,

109 3524 187 3604 per
207 3500 356 3583 omnia
374 3498 537 3583 saecula
554 3498 829 3582 saeculorum.
875 3502 928 3603 li.
953 3500 1108 3583 Amen.

379 3637 479 3721 Alio
508 3638 671 3720 Oratio.
935 3639 1131 3721 Oremus.

113 3752 1403 3946 Omittotintinniretitinittntdniss

107 3961 274 4066 indigni
307 3966 631 4064 consecramur,
668 3964 833 4048 virtute
865 3973 954 4048 tuae
986 3961 1100 4048 bene
1129 3970 1170 4049 ›1‹
1193 3963 1402 4048 dictionis

108 4066 349 4150 sanctifica:
376 4074 420 4150 et
448 4066 652 4150 omnibus
678 4078 723 4151 te
749 4066 821 4151 hic
848 4066 1172 4166 invocantibuS‚
1200 4076 1334 4172 atque
1357 4067 1403 4149 in

107 4179 151 4252 te
184 4168 464 4275 sperantibus
498 4170 649 4253 auxilii
682 4171 746 4254 tui
783 4195 942 4253 munus
976 4170 1178 4267 ostende3
1217 4179 1267 4254 ut
1299 4169 1403 4254 huie

107 4271 235 4357 altori
254 4273 314 4355 im
349 4271 463 4354 osita
481 4279 664 4358 munera
682 4299 859 4379 semper
875 4277 1060 4379 accepta
1078 4273 1174 4358 sieri
1193 4273 1402 4377 digneris3

108 4385 152 4460 et
169 4375 285 4460 ineo
324 4380 677 4459 aeramentorum
692 4377 843 4477 virtus,
858 4387 903 4461 et
917 4381 1124 4460 votorum
1138 4401 1314 4483 semper
1326 4376 1402 4462 ob-

108 4477 514 4689 tinelsstuffiffectus.
550 4479 636 4563 Per
654 4479 878 4563 Christum
895 4480 1135 4563 Dominum
1153 4488 1366 4564 nostrum.

228 4649 237 4666 .
351 4608 416 4666 en.
