3150 5094
498 354 636 456 ‘Septem
661 356 785 418 Psalmi
808 357 1068 422 Poeuitentiules,
1396 354 1436 417 7*

669 566 823 669 Βεειῑηιυε
847 569 919 633 142.

142 705 355 901 Domine
386 710 547 797 exaudi
579 712 822 798 orati6nem
853 739 1011 798 meam:
1043 712 1222 798 auribus
1254 712 1434 821 percipe

238 815 602 903 obsecrationem.
626 840 770 901 meam
802 818 847 902 in
867 818 1064 903 :veritate
1096 828 1187 904 tua:
1221 815 1434 904 *exaudi

142 946 214 1006 me
240 920 286 1004 in
311 931 388 1006 tua
414 920 609 1027 justitia„

227 1026 286 1110 Et
312 1050 401 1110 non
418 1025 554 1110 intres
579 1026 625 1110 in
643 1025 849 1132 judicium
876 1051 976 1111 cum
1003 1052 1133 1113 servo
1161 1037 1255 1112 tuo:
1282 1031 1303 1081 *
1332 1030 1435 1136 quia

143 1156 232 1216 non
258 1130 634 1237 iustificibiturqin
661 1135 902 1256 conspectu
925 1142 1008 1223 tuo,
1029 1133 1172 1227 omnis
1198 1133 1360 1217 vivens.

227 1234 341 1337 Quia
371 1242 632 1343 persecutus
669 1238 737 1322 est
766 1238 967 1322 1n1mieus
1000 1238 1188 1322 enimam
1219 1263 1376 1322 meam:
1411 1242 1433 1291 *

141 1339 387 1426 humiliavit
413 1340 604 1427 interra
630 1341 765 1428 vitam
790 1367 945 1428 meam.
1006 1406 1009 1415 ·

229 1444 476 1531 Collocavit
497 1471 568 1530 me
594 1448 639 1530 in
658 1445 857 1533 obscuris
878 1446 991 1532 sicut
1008 1452 1207 1534 m6rtu0s
1228 1448 1433 1534 saeculi*

141 1561 187 1635 et
212 1550 413 1636 anxiatus
439 1560 508 1635 est
534 1576 669 1659 super
698 1577 769 1637 me
796 1552 975 1659 spiritus
1001 1578 1141 1656 meus,
1171 1554 1216 1636 in
1245 1576 1316 1637 me
1342 1563 1430 1638 tur·
1500 1592 1507 1607 ·

139 1653 294 1740 bitum
322 1664 390 1739 est
418 1680 495 1739 cor
523 1681 680 1741 meum.

225 1759 396 1845 Memor
419 1759 480 1844 fui
500 1758 670 1847 dierum
687 1761 980 1884 antiqubrum,
1007 1758 1244 1848 meditatus
1263 1788 1361 1847 sum
1386 1762 1431 1846 in

140 1861 342 2054 ‹imfflbffi
369 1862 578 1972 operibus
609 1867 767 1951 tuisr*
797 1892 842 1949 m
868 1865 997 1966 factis
1023 1870 1230 1951 manuum
1248 1870 1431 1951 'tuarum

138 1993 208 2052 me
243 1966 275 2052 ‘t
334 1995 394 2053 ar.

223 2072 429 2180 Exptndi
455 2098 611 2158 manus
631 2098 753 2160 meas
787 2073 844 2160 ad
876 2083 936 2160 tet
971 2073 1163 2159 *anima
1191 2100 1290 2159 mea
1315 2075 1429 2161 sicut

139 2187 256 2263 terra
283 2178 376 2263 sine
404 2205 521 2286 aqua
546 2179 639 2264 tibi.
880 2187 882 2192 ’
1435 2200 1438 2207 ’

222 2282 449 2369 Velticiter
481 2281 642 2369 exaudi
671 2308 743 2370 me
769 2283 974 2371 Dumine:
1007 2282 1218 2371 *defecit
1247 2285 1427 2391 spiritus

139 2412 273 2472 meus.
1353 2473 1356 2477 ,

221 2490 325 2576 Non
352 2496 525 2578 avertas
551 2492 709 2579 ficiem
735 2503 856 2579 tuam
879 2519 906 2577 a
929 2519 1017 2578 me:
1051 2494 1072 2544 *
1101 2502 1145 2577 et
1171 2491 1323 2577 similis
1352 2519 1427 2579 ero

49 2599 51 2604 ’
138 2593 506 2684 descendentibus
531 2599 577 2683 in
603 2597 759 2695 lacum.

224 2699 435 2788 Auditum
469 2703 537 2788 fac
567 2701 676 2786 mihi
704 2728 833 2788 mane
859 2698 1205 2788 misericerdiam
1235 2710 1372 2786 tuam:
1407 2705 1429 2757 *
1561 2754 1565 2761 -

139 2805 241 2912 quia
267 2805 313 2889 in
338 2817 384 2892 te
411 2807 597 2914 speravi.
809 2868 812 2873 ·

222 2909 386 2996 Notum
419 2911 488 2997 fac
513 2911 621 2997 mihi
646 2913 776 3013 viam,
810 2912 855 2997 in
889 2938 975 3020 qua
1002 2907 1237 2997 ambulem:
1272 2912 1429 3017 *quia

138 3013 196 3102 ad
220 3025 265 3100 te
292 3014 436 3101 levavi
462 3016 650 3103 enimam
676 3042 830 3103 meam.

222 3118 357 3228 Eripe
390 3146 462 3208 me
496 3120 552 3207 de
578 3121 764 3208 inimicis
791 3122 900 3209 meis
926 3120 1129 3221 Domine,
1166 3117 1224 3204 ad
1254 3129 1300 3205 te
1327 3144 1426 3204 con-

138 3223 243 3327 fugi:
269 3227 290 3274 *
316 3224 428 3312 doce
455 3251 526 3313 me
552 3225 698 3314 iacere
724 3225 999 3312 voluntitem
1024 3235 1156 3327 tuam,
1184 3223 1286 3331 quia
1305 3224 1428 3311 Deus

136 3352 262 3415 meus
289 3356 338 3415 es
364 3338 424 3417 tu.

223 3434 411 3540 Spiritus
446 3443 547 3522 tuus
581 3426 726 3524 bonus
751 3434 950 3521 deducet
980 3460 1051 3519 me
1086 3434 1132 3517 in
1164 3442 1329 3519 terram
1363 3460 1427 3519 re·

137 3547 267 3625 ctam:
294 3541 522 3648 *propter
546 3566 707 3629 nomen
728 3550 853 3626 tuum
870 3537 1058 3626 D6mine
1076 3538 1320 3625 vivificabis
1345 3565 1428 3640 me,

136 3643 180 3726 in
208 3668 246 3726 ae
279 3644 417 3729 uittte
443 3650 531 3731 tua.

221 3746 260 3828 E
292 3753 398 3833 tices
433 3746 487 3835 de
519 3748 802 3836 tribulatione
834 3748 1024 3834 enimam
1054 3771 1212 3831 meam:
1248 3750 1269 3800 *
1305 3759 1350 3834 et
1383 3747 1428 3830 in

136 3850 439 3938 misericrirdia
464 3863 542 3959 tua
568 3851 797 3962 disperdes
824 3852 1023 3938 inimicos
1050 3875 1185 3937 meos,

220 3955 279 4041 Et
302 3955 464 4064 perdes
491 3983 653 4058 omneu
683 3960 756 4067 qui
774 3956 986 4045 tribul'ant
1004 3958 1193 4044 animam
1221 3981 1379 4042 meam:
1406 3959 1429 4009 *

137 4061 396 4167 quoniame
429 4085 455 4149 0
483 4088 637 4150 servus
662 4072 764 4150 tuus
792 4089 900 4150 sum.
993 4086 997 4094 ·

224 4165 378 4252 Gloria
441 4167 535 4254 atri
586 4168 710 4257 Sicut
736 4177 846 4271 erat,
875 4178 955 4254 etc.

225 4329 354 4393 Deinde
377 4327 536 4408 repetitur
559 4326 762 4409 Antiphone.

224 4431 292 4512 Ne
322 4428 616 4515 reminiscaris
642 4429 831 4515 Domine
863 4428 1024 4516 delicta
1054 4437 1219 4528 nostra,
1253 4427 1323 4514 vel
1352 4454 1426 4535 pa·

135 4533 604 4622 rentum'nostrurum:
633 4560 691 4619 ne
722 4560 778 4619 ue
804 4534 1042 4620 vindictam
1070 4558 1216 4619 rumas
1243 4530 1299 4618 de
1325 4559 1425 4641 pec·

137 4637 249 4722 citis
274 4637 454 4741 nostris,
479 4638 669 4727 Diimine
740 4664 817 4725 eus
842 4648 1004 4767 noster.
