3090 5094
577 385 636 429 seu
660 365 927 431 Consecratione.
1355 368 1398 436 35

939 549 1035 599 'Ponus
1055 543 1118 599 VII.
1190 546 1248 597 Fiu.
1267 547 1291 597 3.

190 842 383 948 Asper·
393 869 471 948 ges
497 868 568 927 me
605 845 627 894 *
658 843 892 929 Domi-ne
931 843 1163 951 bysso-pm
1197 818 1261 929 'et

153 1248 273 1305 mun·
306 1221 464 1307 ibor:
512 1223 652 1306 lor-vs
685 1268 699 1282 ·
735 1222 804 1307 bis
830 1250 915 1325 me,
956 1234 1000 1309 et
1099 1249 1247 1330 super
1278 1223 1359 1306 ni-

104 1390 219 1400 —-—
538 1393 742 1402 ———
1106 1392 1396 1403 a———n--n--n

165 1628 265 1687 vern
323 1603 379 1688 de
425 1650 440 1664 ·
485 1603 738 1689 abbi-bor.

103 1768 1398 1967 Q

130 1951 200 2032 Ps.
220 1953 292 2033 50.
320 1950 527 2034 Miserere
555 1950 642 2034 mei
668 1951 801 2034 Deus.

637 2125 790 2188 Psalmus
813 2125 864 2189 50.

104 2234 357 2426 Miserere
388 2245 474 2330 mei
506 2246 645 2329 Deus:
673 2247 695 2296 *
730 2245 973 2330 secundum
1001 2273 1204 2353 magnam
1230 2248 1394 2335 miseri-

209 2349 406 2434 cordiam
433 2359 564 2434 tuam.

151 2454 242 2538 -Et
286 2452 528 2538 secundum
566 2453 893 2539 multitudinem
933 2456 1264 2542 miserationum
1304 2463 1395 2542 tui·

104 2582 223 2641 rum:
249 2560 271 2609 *
300 2557 399 2643 dele
423 2557 700 2663 iniquitatem
726 2585 879 2644 meam.

182 2661 386 2770 Amplius
412 2662 512 2746 lava
538 2688 609 2748 me
636 2661 692 2748 ab
719 2663 953 2769 iniquitote
979 2690 1095 2750 mea:
1122 2666 1144 2718 *
1171 2674 1216 2752 et
1243 2691 1269 2750 a
1294 2690 1395 2773 pec·

103 2770 207 2851 cito
234 2791 336 2852 meo
364 2766 528 2851 munda
553 2792 636 2852 me.
1266 2808 1270 2817 ’

191 2905 329 2971 Interim
351 2902 521 2986 Pontifex,
546 2902 813 2983 acceptamus,
842 2898 954 2963 circuit
978 2900 1094 2982 altare,
1118 2898 1262 2978 illudque
1286 2914 1393 2977 asper-

100 3005 160 3088 git,
185 3012 216 3066 et
238 3002 323 3066 redit
345 3000 387 3063 ad
410 3001 521 3063 locum
544 3008 618 3061 ante
639 2998 784 3061 medium
807 2997 930 3077 aitaris,
955 2994 1041 3058 unde
1066 2995 1272 3057 discesserat.

191 3125 308 3188 Finitis
334 3122 430 3186 dictis
447 3120 625 3204 Versibus,
658 3118 812 3184 Pontifex
843 3117 966 3182 ibidem
996 3124 1086 3181 stans
1118 3133 1193 3179 cum
1221 3115 1317 3176 mitra
1345 3114 1392 3176 in-

98 3222 203 3286 choat
227 3218 381 3303 secundo,
405 3227 440 3281 ut
461 3218 563 3302 prius,
586 3215 826 3298 Antiphonem:

182 3339 329 3447 Asper
359 3365 406 3425 es
429 3366 510 3442 me,
539 3361 569 3415 et
595 3350 708 3415 schola
730 3350 950 3432 prosequitur,
975 3342 1164 3427 Domine
1186 3340 1394 3448 hyss6p0,

99 3456 149 3531 et
167 3366 435 3529 mundissor:
462 3444 630 3529 lavabis
653 3470 734 3546 me,
758 3456 802 3529 et
825 3445 1122 3552 supernivem
1141 3444 1394 3532 dealbabor.

182 3549 401 3652 Quossiam
426 3549 704 3655 iniquitatem
731 3574 874 3633 meam
906 3573 988 3655 ego
1017 3555 1259 3656 cognosco:
1291 3552 1313 3601 *
1350 3559 1394 3634 et

56 3656 57 3665 '
96 3657 337 3763 peceatum
364 3679 509 3738 meum
536 3662 689 3738 contra
715 3679 786 3737 me
814 3662 881 3737 est
908 3679 1093 3760 semper.

56 3838 58 3849 ,
180 3755 284 3842 Tibi
302 3756 387 3841 soli
404 3758 596 3865 peccavi,
615 3766 659 3841 et
677 3758 841 3841 malurn
860 3782 1010 3842 coram
1026 3767 1072 3844 te
1092 3759 1191 3843 feci:
1216 3761 1238 3810 *
1261 3767 1310 3842 ut
1335 3760 1393 3863 ju·

56 3931 58 3949 ι
98 3861 309 3946 stiflceris
331 3861 377 3943 in
395 3862 671 3954 sermonibus
688 3862 794 3962 tuis,
820 3871 864 3946 et
882 3862 1033 3945 vincas
1057 3889 1156 3947 cum
1178 3861 1394 3968 judicaris.

56 3966 58 3983 '
180 3965 298 4063 Ecce
326 3967 441 4050 enim
467 3967 513 4048 in
539 3965 845 4071 iniquitatibus
873 3969 1115 4074 conceptus
1142 3994 1258 4052 sum:
1290 3969 1312 4018 *
1349 3976 1394 4049 et

95 4070 371 4177 inpeccatis
400 4070 603 4178 concepit
630 4096 701 4155 me
727 4080 867 4155 mater
894 4095 1002 4153 mea.

190 4229 327 4292 Interim
346 4227 501 4292 Pontifex
521 4229 635 4290 circuit
656 4227 808 4311 secundo,
834 4227 1046 4309 aspergitque
1065 4234 1096 4289 et
1114 4224 1207 4307 redit,
1229 4229 1265 4286 ut
1285 4222 1392 4304 prius3

100 4333 135 4390 ct
155 4323 258 4390 finitis
274 4323 442 4409 Versibus,
467 4333 558 4389 stans
583 4331 618 4387 ut
638 4342 739 4407 supra
757 4322 913 4388 Pontifex
933 4340 1009 4386 cum
1028 4324 1126 4386 mitra
1146 4319 1276 4384 inchoat
1295 4318 1392 4382 tertio

99 4421 345 4504 Antiphonem:

183 4522 326 4628 Asper
358 4545 405 4604 es
428 4546 509 4622 me,
541 4545 573 4599 et
596 4535 711 4600 schola
735 4536 957 4618 prosequitur,
975 4519 1164 4605 Domine
1187 4517 1217 4601 h
1248 4523 1393 4627 886ρο,

103 4635 151 4712 et
166 4546 430 4710 mundoiror:
450 4623 620 4712 lavabis
638 4649 719 4724 me,
739 4634 784 4708 et
802 4624 1097 4731 supernivem
1116 4545 1367 4709 dealbabor.

1234 4868 1285 4932 ζῆ
