3090 5094
194 331 236 394 54
592 342 643 403 De
665 342 825 405 Ecclesiae
847 343 1062 407 Dedieutione

193 536 271 596 seu
302 516 597 615 quascumque
623 502 924 607 obventiones,
960 531 1057 612 quae
1090 506 1135 589 in
1161 505 1471 606 ministrorum,

194 625 237 699 et
271 621 513 720 pauperum
548 608 830 694 necessitates
863 611 1058 695 converti
1085 610 1269 711 debent,
1308 633 1468 717 perse,

193 719 263 803 rel
289 744 368 824 per
394 718 523 814 alios,
550 713 593 795 vi
620 713 690 796 vel
716 714 872 799 timore
901 716 1099 816 incuss0,
1127 740 1206 799 seu
1234 713 1374 798 etiam
1398 738 1469 821 per

194 823 444 928 suppositas
471 821 681 928 personas
710 817 986 921 clericerum,
1020 829 1094 903 aut
1127 818 1366 919 laicorum,
1401 842 1469 902 seu

196 932 466 1032 quacumque
493 933 597 1022 arte,
624 932 698 1006 aut
727 930 1003 1029 quocumque
1031 929 1217 1029 quaesito
1238 922 1407 1023 colore,
1431 922 1469 1005 in

194 1031 397 1137 proprios
416 1056 520 1113 usus
541 1030 804 1128 convortere,
827 1027 1016 1133 illosque
1034 1031 1245 1134 usurpare
1266 1033 1469 1133 praesum·

194 1135 350 1241 pserit,
378 1160 455 1219 seu
481 1129 713 1237 impedire,
739 1156 794 1215 ne
821 1132 876 1216 ab
903 1133 975 1236 iis,
1003 1131 1060 1217 ad
1084 1156 1194 1237 quos
1221 1134 1320 1237 iure
1347 1130 1470 1237 perti·

193 1248 311 1339 nent,
371 1238 652 1344 ereipiontur3
687 1235 724 1317 is
752 1235 1016 1321 anathemati
1043 1235 1209 1321 tomdiu
1238 1233 1470 1341 subjaceat,

194 1344 401 1530 tollit
429 1340 1195 1552 ultroneoseuru
1209 1339 1471 1550 {laimunt

194 1511 514 1655 modocumque
535 1550 664 1633 etiam
685 1573 738 1632 ex
756 1508 991 1634 donabone
1009 1548 1252 1656 suppositae
1305 1552 1470 1633 ersonae

228 1657 489 1756 ervonerint,
515 1652 740 1753 Ecclesiae,
774 1655 952 1758 ejusque
980 1652 1257 1738 'administrat
1288 1652 1352 1754 ri,
1389 1652 1470 1737 sire

194 1682 464 1861 beneficiato,
492 1763 657 1862 integre
683 1757 935 1858 restitnerit,
962 1783 1013 1842 ac
1040 1756 1199 1842 deinde
1224 1782 1254 1840 a
1271 1757 1470 1841 Romano

195 1863 408 1949 Pontifice
430 1862 748 1949 absolutionem
768 1861 1016 1946 obtinuerit.
1056 1860 1185 1963 Quod
1211 1861 1250 1945 si
1277 1860 1470 1967 ejusdem

195 1967 403 2051 Ecclesiae
421 1971 630 2074 patronus
649 1966 790 2066 fuerit,
812 1966 941 2048 etiam
958 1968 1050 2072 jure
1067 1969 1346 2073 patronotus,
1365 1964 1471 2051 ultra

194 2070 428 2176 praedictas
455 2096 625 2179 poenas,
661 2095 713 2154 eo
740 2070 756 2152 i
789 2094 839 2153 so
866 2070 1064 2190 privatus
1091 2074 1285 2155 exsistat.
1345 2068 1470 2155 Cleri·

196 2201 272 2257 cus
291 2201 407 2276 vero,
435 2175 509 2280 qui
527 2173 724 2258 nefa'mdae
781 2173 917 2275 audrs
946 2183 990 2259 et
1011 2172 1312 2297 usurpationis
1333 2173 1470 2281 huius·

195 2277 317 2361 modi
342 2279 578 2363 fabricator
605 2304 683 2361 seu
710 2279 984 2363 consentiens
1011 2279 1158 2378 trient,
1186 2276 1362 2363 eisdem
1386 2302 1471 2387 poe

194 2382 263 2465 nis
291 2381 527 2504 subjaceat,
558 2407 726 2466 necnon
755 2382 1014 2488 quibuscum
1046 2407 1101 2468 ue
1128 2382 1363 2468 beneficiis
1393 2382 1471 2491 pri·

196 2491 322 2570 votus
350 2497 421 2588 srt,
453 2497 496 2572 et
523 2486 579 2570 ad
607 2492 893 2591 quaecumque
920 2408 1241 2571 ohabeneficia
1267 2486 1472 2573 inhabilis

197 2590 425 2693 efficiotur3
455 2600 497 2674 et
524 2594 751 2674 asnorum
779 2590 993 2675 Ordinum
1020 2590 1316 2693 exsecutione,
1346 2592 1471 2677 etiam

196 2705 298 2799 post
333 2700 544 2798 integram
577 2694 918 2779 satisfactionem
951 2704 994 2780 et
1028 2694 1376 2800 absolutionem,
1411 2694 1471 2781 sui

198 2798 416 2882 Ordinorii
442 2797 623 2882 arbitrio
651 2798 951 2905 suspendatur.

334 2937 431 3009 Coae.
457 2938 605 3009 Proderit.
628 2936 779 3009 Sessiorre
800 2940 857 3009 25.
878 2960 948 3027 cop.
972 2937 1057 3009 XII.
1080 2938 1122 3009 de
1145 2936 1340 3025 Beronum.

193 3045 322 3238 Non
349 3052 449 3126 sunt
476 3040 653 3142 ferendi,
681 3041 755 3146 qui
772 3042 903 3125 voriis
923 3041 1090 3126 ortibus
1110 3040 1307 3127 docimas
1326 3042 1468 3129 Eeclo·

281 3148 356 3231 siis
385 3146 687 3245 obvenientes,
720 3144 973 3230 subtrahere
999 3145 1255 3247 moliontur,
1292 3158 1373 3233 aut
1400 3146 1466 3255 qui

196 3252 250 3336 ab
278 3252 373 3335 oliis
401 3249 631 3333 solvendas
658 3252 820 3333 temere
849 3256 1074 3356 occupant,
1102 3260 1144 3335 et
1169 3250 1214 3333 in
1231 3274 1331 3335 rem
1350 3278 1467 3337 suam

197 3365 387 3456 vertunt,
415 3380 512 3437 cum
540 3353 805 3437 decimarum
833 3353 991 3438 solutio
1019 3353 1167 3439 debita
1193 3354 1249 3438 sit
1277 3355 1403 3442 Deo:
1432 3364 1468 3441 et

227 3460 270 3542 ui
307 3485 379 3543 eas
415 3458 519 3543 dare
551 3457 769 3541 noluerint
805 3468 878 3541 aut
912 3456 1064 3542 dantes
1096 3456 1368 3565 impodiunt,
1408 3486 1468 3545 res

196 3564 356 3647 aionas
393 3561 611 3647 invadunt.
676 3562 882 3667 Praecipit
916 3562 1047 3665 igitur
1083 3572 1232 3647 sancta
1267 3562 1468 3670 Sy'nodus

196 3668 414 3769 omnibus,
453 3669 759 3789 cujuscumque
786 3665 966 3769 gradus,
1003 3675 1046 3749 et
1080 3665 1350 3753 conditionis
1379 3669 1468 3769 sint,

195 3772 251 3856 ad
279 3796 389 3876 quos
418 3770 681 3856 decrmorum
708 3770 872 3854 solotio
899 3778 1079 3874 spectat,
1105 3780 1154 3854 ut
1181 3795 1254 3855 eas
1284 3771 1467 3880 adquae

196 3875 249 3960 de
276 3878 367 3981 jure
394 3879 614 3975 tenentur,
647 3875 690 3956 in
717 3878 943 3979 posterum
970 3872 1238 3975 Cathedroli,
1277 3886 1358 3962 aut
1387 3877 1468 3985 qui·

193 3979 463 4083 buscumque
490 3979 584 4063 oliis
603 3978 823 4076 EcclesiiS,
847 3978 918 4062 vel
944 3977 1155 4084 personis,
1182 3978 1345 4083 quibus
1374 3982 1468 4089 legi·

109 4097 115 4106 ’
193 4086 297 4169 time
324 4083 548 4184 debentur,
575 4088 740 4187 integre
769 4082 1032 4189 persolvant.
1074 4083 1158 4183 Qui
1175 4108 1282 4168 vero
1301 4110 1384 4171 eas
1403 4096 1470 4171 aut

194 4188 463 4287 subtrahunt,
482 4196 557 4271 aut
574 4187 826 4293 impediunt,
853 4186 1291 4289 excommunicentur,
1315 4215 1404 4277 nec
1420 4190 1468 4275 ab

193 4291 278 4377 hoc
313 4292 510 4392 crimine,
547 4291 629 4373 nisi
664 4291 794 4397 plena
819 4291 1096 4376 restitutione
1123 4298 1293 4394 secuta,
1332 4294 1468 4381 absol-

193 4401 357 4479 vantur.
396 4398 610 4479 Hortotur
631 4393 787 4480 dehinc
808 4421 958 4478 omnes
982 4406 1025 4480 et
1044 4395 1237 4499 singulos
1255 4422 1343 4504 pro
1366 4398 1468 4485 chri·

195 4500 333 4584 stiana
360 4502 560 4602 caritate,
596 4500 834 4605 debitoque
868 4524 970 4605 erga
1002 4500 1208 4584 Pastores
1240 4526 1352 4588 suos
1385 4510 1468 4588 mu·

195 4628 318 4705 nere,
348 4616 396 4690 ut
424 4606 632 4693 debonis
660 4605 745 4690 sibi
771 4632 796 4689 a
821 4606 918 4690 Deo
946 4604 1136 4707 collatis,
1163 4605 1405 4716 Episcopis
1429 4618 1467 4693 et
