3090 5094
104 336 168 400 104
505 334 556 395 De
580 332 705 397 Altaris
729 333 1000 398 Consecratiune.

179 510 356 591 Repetitur
379 506 579 589 Antiphuna.

181 607 255 692 Ad
272 606 621 691 annuntiandum
637 632 766 691 mane
785 605 1136 692 misericordiam
1157 616 1259 690 tuan

101 713 338 799 veritatem
355 719 476 794 tuam
493 737 575 817 per
593 721 780 795 noctem.

180 836 357 916 Repetitur
378 834 578 916 Antiphuna.

180 938 232 1019 In
246 932 539 1035 decachorda
558 933 786 1041 psalterio:
804 937 826 985 *
843 960 944 1018 cum
959 936 1145 1035 cantieO,
1161 936 1204 1017 in
1222 940 1259 1018 cl

182 1062 357 1145 Repetitur
378 1060 580 1143 Antiphona.

183 1160 292 1262 Quia
311 1158 544 1245 delectasti
569 1183 640 1241 me
659 1158 850 1244 Domine
873 1159 919 1241 in
942 1159 1112 1243 factura
1135 1170 1227 1244 tua:
1253 1171 1260 1199 ²

102 1264 313 1371 operibus
331 1268 541 1347 manuum
559 1266 737 1347 tuarum
756 1262 1000 1347 exsultabu

180 1392 356 1473 Repetitur
378 1386 581 1471 Antiphona.

180 1493 325 1592 Quam
341 1486 622 1592 magnificata
638 1494 741 1608 sunt
759 1490 896 1608 <Spera
915 1498 992 1571 tua
1010 1488 1253 1572 Duminel*

101 1591 336 1700 prolundae
355 1592 485 1676 factae
504 1598 606 1674 sunt
622 1595 915 1694 cogitatmnes
935 1602 1040 1677 tuae:

180 1719 356 1800 Repetitur
378 1714 579 1796 Antiphona.

178 1814 260 1899 Vir
279 1815 491 1921 insipiens
510 1841 599 1901 non
617 1820 873 1922 cognoscet:
888 1818 909 1868 *
925 1826 969 1902 et
988 1815 1149 1903 stultus
1167 1840 1257 1899 non

101 1921 209 2026 liget
226 1919 335 2005 haec.

38 2135 40 2140 Ι
179 2055 354 2136 Repetitur
377 2052 578 2135 Antiphuna.
1115 2133 1117 2138 Ι

180 2149 290 2229 Cum
314 2143 458 2229 exsrti
483 2142 646 2226 luerint
668 2146 928 2250 peccatores
955 2143 1070 2226 sicut
1096 2141 1259 2223 foenum

102 2248 389 2355 apparuerint
408 2270 573 2347 omnes,
592 2246 668 2351 qui
684 2252 924 2353 operantur
942 2246 1231 2350 iniquitatem.

179 2376 355 2457 Rapetttur
377 2373 578 2456 Antiphona.

173 2467 234 2551 Ut
252 2464 471 2546 intereant
488 2461 534 2543 in
553 2461 765 2546 sa'eculum
784 2463 951 2547 sa'eculi:
966 2470 985 2512 *
1000 2472 1050 2546 tu
1068 2461 1259 2546 autemA

102 2594 201 2652 mus
218 2566 265 2650 in
283 2569 499 2651 aettmum
517 2565 718 2652 Domine.

182 2692 357 2773 Repetitur
379 2690 581 2773 Antiphona.

182 2780 401 2883 Quoniam
425 2806 529 2866 ecce
552 2781 717 2865 inimici
740 2782 805 2867 tui
829 2783 1031 2882 Damine,
1057 2779 1259 2885 qusniam

102 2887 267 2993 inimici
281 2887 347 2970 tui
360 2885 583 2991 peribunt:
598 2886 620 2938 *
635 2895 680 2969 et
694 2885 1006 2993 dispergantur
1024 2910 1188 2982 omnes
1204 2908 1259 2986 qu

103 2996 255 3076 rantur
273 2990 562 3095 iniquitutem.

179 3116 356 3197 Repetitur
378 3115 580 3198 Antiphona.

179 3207 236 3289 Et
251 3202 517 3288 exaltabitur
531 3204 646 3288 sicut
657 3206 883 3301 unicsrnis
901 3231 1039 3291 cornu
1057 3204 1255 3288 meumz*

102 3312 257 3394 nactus
275 3333 374 3391 mea
392 3307 438 3389 in
455 3307 762 3393 misericordia
783 3308 918 3393 uberi.

183 3435 359 3517 Repetitur
381 3434 582 3518 Antiphona.

181 3527 239 3607 Et
257 3522 460 3629 despsxit
476 3523 631 3606 Oculus
649 3549 773 3609 meus
791 3525 991 3609 inimicos
1008 3524 1148 3607 meos:
1169 3525 1189 3567 *
1211 3533 1257 3606 et

102 3625 383 3730 surgentibus
401 3626 446 3708 in
466 3652 537 3710 me
555 3627 896 3731 malignantibus
914 3629 1063 3711 audiet
1083 3626 1201 3710 auris
1220 3654 1259 3706 m

181 3755 356 3835 Repetitur
378 3752 579 3837 Antiphona.

180 3845 204 3925 J
206 3850 343 3941 ustus,
357 3851 407 3924 ut
420 3841 804 3947 palma'florabitz*
819 3845 933 3928 sicut
950 3844 1109 3927 cedrus
1120 3842 1259 3926 Liban

100 3943 385 4052 tiplicabitur.

181 4065 358 4146 Repetitur
380 4062 581 4145 Antiphona.

178 4159 371 4244 Plantati
397 4159 443 4241 in
471 4157 604 4244 domo
631 4161 827 4262 Dumini,
854 4163 876 4213 ²*
904 4163 948 4244 in
977 4163 1099 4246 atriis
1127 4162 1259 4244 domu

100 4264 241 4350 nostri
259 4261 493 4349 fiorsbunt.

182 4385 357 4467 Repetitur
379 4384 580 4467 Antiphona.

181 4477 337 4563 Adhuc
350 4475 762 4584 multiplicabantur
777 4480 823 4561 in
840 4484 1018 4565 senacta
1032 4479 1173 4565 uberi:
1189 4486 1207 4527 '⁵
1224 4493 1259 4560 et

98 4581 319 4688 patientes
340 4593 478 4683 erunt,
497 4589 545 4665 ut
565 4584 839 4667 annuntient:
