3090 5094
176 351 219 417 36
595 345 642 407 lle
661 344 818 409 Ecclesiae
840 348 1054 411 lledieatione

252 521 370 606 Ecce
399 520 514 605 enim
541 519 774 604 veritatem
802 518 1011 605 dilexisti:
1046 521 1068 573 *
1102 520 1292 620 incerta,
1330 529 1378 605 et
1405 544 1467 605 oe·

176 626 297 711 culta
323 626 554 733 sapientiae
581 634 671 709 tuae
698 624 989 709 manifestasti
1015 623 1133 710 mihi.

253 730 478 838 Asperges
513 755 584 815 me
616 728 836 836 hyssope,
872 739 916 815 et
942 729 1208 816 mundobor:
1242 728 1269 781 *
1304 728 1469 815 lavabis

175 862 258 937 me,
287 845 330 920 et
359 861 491 943 super
520 835 667 918 nivem
695 833 948 920 dealbabor.

253 939 440 1025 Auditui
475 965 576 1024 meo
614 937 743 1024 dabis
778 939 1006 1045 gaudium,
1043 948 1087 1024 et
1118 936 1344 1023 laetitiam:
1376 938 1401 989 *
1434 950 1471 1023 et

178 1044 461 1134 exsultabunt
488 1069 592 1130 ossa
617 1043 857 1129 humiliata.

260 1204 398 1275 Interim
420 1208 575 1273 Pontifex
599 1207 714 1271 circuit
737 1206 849 1287 tertio,
882 1208 1093 1289 aspergitque
1116 1217 1146 1271 et
1168 1208 1272 1290 redit,
1303 1216 1344 1273 ut
1372 1209 1469 1293 pn’us3

176 1320 206 1371 et
234 1308 336 1373 linitis
358 1305 517 1369 Versibus
546 1305 731 1387 praedictis,
764 1314 856 1367 stans
888 1321 963 1366 cum
994 1305 1091 1367 mitra
1123 1314 1156 1368 ut
1187 1321 1308 1389 supra,
1344 1304 1470 1369 inchoat

176 1414 293 1485 quarto
317 1403 556 1485 Antiqironam:

253 1522 399 1625 Aspor
431 1543 478 1602 es
501 1543 582 1618 me,
608 1550 638 1605 ct
661 1542 773 1606 schola
799 1542 1018 1624 prosequitur,
1050 1513 1240 1599 Domine
1264 1512 1296 1597 h
1331 1516 1473 1623 θεόρο,

179 1631 223 1706 et
241 1545 504 1707 mundohor:
520 1620 691 1743 lavabis
712 1645 793 1722 me,
814 1629 858 1704 et
877 1645 1009 1743 super
1027 1620 1174 1743 nivem
1192 1540 1452 1704 dealhtrbor.

228 1727 421 1812 'Averte
448 1727 604 1812 limem
630 1735 753 1810 tuam
779 1749 805 1808 a
831 1729 1027 1831 peccans
1045 1725 1219 1810 mersz*
1246 1732 1292 1809 et
1321 1748 1474 1812 omnes

177 1830 241 1915 ini
272 1832 434 1916 uitates
461 1856 583 1916 meas
612 1829 721 1916 dele.

291 1962 342 2020 or
375 1935 587 2020 mundum
621 1961 722 2020 crea
761 1934 806 2017 in
843 1958 914 2018 me
956 1933 1098 2019 Deus:
1134 1935 1157 1986 *
1191 1941 1236 2017 ct
1266 1934 1473 2041 spiritum

176 2050 346 2125 rectum
373 2046 535 2124 innova
560 2041 606 2122 in
632 2038 877 2124 visceribus
903 2038 1024 2122 meis.

253 2144 323 2229 Ne
350 2144 556 2251 projicias
583 2169 653 2228 me
680 2169 706 2228 a
732 2144 844 2228 focie
871 2152 964 2227 tua:
996 2145 1018 2194 *
1054 2152 1098 2227 et
1130 2140 1353 2247 Spiritum
1384 2172 1475 2233 san·

178 2258 298 2333 ctum
323 2258 448 2333 tuum
474 2273 530 2333 ne
557 2248 729 2332 auferas
757 2273 783 2332 a
809 2275 891 2334 me.

264 2408 307 2468 Et
337 2407 467 2469 interim
497 2406 652 2469 Pontifex
685 2407 798 2470 circuit
829 2415 965 2490 quarto,
1000 2406 1209 2490 aspergitque
1240 2416 1273 2471 et
1305 2409 1414 2495 redit,
1445 2420 1475 2473 ut

180 2501 284 2586 prius,
316 2510 348 2564 et
371 2501 472 2565 finitis
488 2501 648 2566 Versibus
672 2502 855 2586 praedietis,
886 2512 978 2566 stans
1002 2521 1077 2567 curn
1099 2504 1197 2567 mitra
1218 2504 1253 2566 in
1278 2507 1411 2591 capite,
1433 2506 1473 2569 in·

180 2599 278 2660 choat
301 2599 425 2679 quinte,
450 2606 541 2662 stans
566 2610 733 2683 utsupra,
757 2598 999 2683 Antiphonam:

256 2714 481 2901 Asporsses
505 2738 586 2814 me,
615 2740 781 2836 esst-uua
805 2741 1024 2823 prosequitur,
1047 2712 1236 2835 Domine
1258 2712 1474 2906 hssssopo,

179 2827 224 2902 et
241 2816 405 2901 munda
438 2842 502 2901 or:
523 2817 692 2901 lavob1s
709 2842 790 2917 me,
811 2826 855 2901 et
874 2841 1006 2923 super
1024 2842 1171 2902 nivem
1189 2818 1294 2904 deal
1329 2821 1452 2908 obor.

233 2921 411 3045 ,Redde
446 2920 554 3051 mihi
589 2921 788 3005 laetitiam
825 2921 1029 3005 salutoris
1062 2922 1146 3007 tui:
1180 2924 1203 2975 *
1238 2932 1287 3009 et
1316 2926 1471 3035 spiritu

176 3026 878 3235 pr11503132130033311rl1318avffigms:
900 3131 922 3183 *
945 3140 990 3218 et
1007 3132 1131 3239 impii
1150 3130 1208 3216 ad
1223 3139 1271 3217 te
1290 3159 1468 3221 conver·

175 3236 414 3423 tenffiem
448 3365 519 3424 me
556 3338 611 3424 de
646 3338 930 3462 sanguinibus
975 3340 1116 3440 Deus,
1149 3341 1274 3427 Deus
1314 3344 1466 3430 salutis

176 3467 305 3526 meae:
332 3445 355 3496 *
383 3451 427 3529 et
455 3442 693 3529 exsultob1t
719 3443 868 3549 hngua
895 3469 993 3561 mea
1019 3444 1230 3551 justitiam
1257 3454 1400 3533 tuam

265 3604 401 3667 Interim
424 3605 579 3670 Pontifex
602 3606 716 3672 circuit
739 3608 868 3691 quinte,
894 3607 1103 3690 aspergitque
1128 3616 1159 3670 et
1180 3606 1286 3693 redit,
1308 3620 1351 3675 ut
1374 3612 1468 3695 prius3

180 3708 211 3761 et
241 3698 342 3762 finitis
364 3701 521 3766 Versibus
552 3704 736 3785 praedictis,
770 3714 861 3768 stans
894 3722 967 3767 cum
998 3704 1096 3766 mitra
1124 3710 1159 3767 ut
1189 3720 1310 3789 supra,
1348 3708 1470 3773 inchoat

179 3806 275 3859 sexto
298 3796 536 3879 Antiphonem:

256 3906 395 4011 Asper
426 3929 473 3988 OS
491 3929 572 4005 me,
603 3942 634 3995 et
657 3934 772 3997 schola
794 3933 1013 4016 prosequitur,
1036 3901 1289 3997 Domissesh
1322 3910 1465 4017 886Ρο,

176 4020 220 4095 et
238 3931 498 4130 mundabor:
516 4008 686 4129 layobis
702 4036 783 4111 me,
803 4020 849 4130 et
866 4033 999 4113 super
1017 4008 1164 4093 nivem
1180 3932 1438 4099 bengaber.

250 4115 451 4215 Domine,
477 4110 595 4196 lab1a
613 4140 712 4199 mea
731 4117 920 4222 apenes:
946 4115 968 4164 *
996 4122 1041 4198 et
1067 4138 1118 4197 os
1136 4138 1286 4199 meum
1304 4140 1464 4202 annun·

174 4218 302 4303 tiabit
329 4216 505 4301 laudem
531 4225 662 4301 tuam.

253 4322 469 4424 Quoniam
497 4320 534 4404 si
560 4323 777 4408 voluisses
807 4320 1088 4423 sacrificium,
1126 4320 1356 4410 dedissem
1389 4325 1464 4412 uti·

177 4451 280 4530 que:
306 4430 327 4479 *
357 4426 629 4510 holocaustis
656 4455 746 4512 non
773 4425 1075 4512 delectaberis.

252 4529 522 4615 Sacrificium
537 4531 635 4616 Deo
655 4533 835 4640 spiritus
855 4528 1193 4616 contribulotus:
1217 4530 1241 4581 *
1267 4557 1352 4619 cor
1369 4558 1461 4621 con·

170 4638 333 4737 tritum,
363 4644 407 4719 et
433 4633 710 4724 humiliotum
735 4639 857 4723 Deus
883 4660 973 4720 non
1001 4635 1231 4742 despicies.
