3090 5094
515 336 567 399 lle
590 338 827 402 liencuictiunc
852 340 1042 419 (Junrpanrc.
1355 330 1417 397 13⁷
1456 398 1459 405 .

204 496 313 583 Vox
337 496 518 583 Dumini
550 499 853 587 intercidentis
881 501 1102 585 flammam
1128 500 1257 605 ignis:
1282 501 1305 553 *
1330 524 1417 584 vox
1453 410 1460 545 l

119 596 301 685 Dumini
331 602 620 690 concutientis
648 604 886 691 desertum:
923 614 966 690 et
1002 604 1299 691 commovebit
1328 604 1417 689 Du·

123 704 268 790 minus
295 704 518 792 desertum
545 706 698 794 Gades.

206 810 312 897 Vox
350 810 530 897 Dumini
568 814 860 922 praeparuntis
901 838 1077 915 cervos,
1121 822 1166 898 et
1205 811 1418 899 revelubit

127 911 361 999 condensa:
388 918 411 969 *
438 926 484 1001 et
509 918 556 1000 in
578 919 745 1025 templo
768 918 860 1107 equs
884 942 1037 1002 omnes
1056 916 1205 1002 dicent
1221 917 1417 1022 gluriam.

206 1018 424 1105 Duminus
452 1019 666 1107 diluvium
692 1021 793 1106 inha
826 1022 938 1109 iture
970 1022 1087 1107 facit:
1113 1023 1136 1075 *
1167 1029 1212 1106 et
1245 1020 1417 1108 sedebit

129 1118 339 1209 Dominus
364 1150 444 1211 rex
470 1126 515 1209 in
543 1129 766 1211 aetemum.

205 1227 425 1314 Duminus
451 1231 659 1317 virtutem
684 1231 852 1354 pupulo
880 1256 961 1316 suo
991 1228 1127 1314 dabit:
1154 1232 1176 1281 *
1201 1229 1417 1313 Duminus

130 1324 354 1418 benedicet
379 1335 549 1522 {epulo
577 1360 657 1420 suo
684 1364 728 1419 m
749 1361 874 1443 pace.

201 1437 357 1523 Gluria
420 1440 515 1524 atri.
559 1440 682 1526 Sicut
711 1449 814 1542 erat,
842 1451 923 1525 etc.

204 1580 335 1647 Deinde
358 1584 514 1664 repetitur
537 1581 737 1665 Antiphone.
772 1583 905 1647 Interim
930 1582 1086 1647 l’nntifex.
1110 1603 1183 1647 cum
1208 1588 1305 1649 rnitru
1328 1594 1420 1647 siuns

123 1671 202 1743 facit
224 1696 303 1742 curn
322 1680 436 1759 pollice
461 1680 605 1741 cleurcuc
628 1699 745 1741 munus
767 1682 806 1741 cle
825 1686 906 1741 tucn
931 1692 1047 1743 nuncto
1065 1680 1273 1744 intirmorum
1295 1694 1419 1763 septem

116 1788 241 1840 cruces
261 1778 407 1839 enter-ins
424 1796 524 1857 super
546 1774 761 1857 (lurnpuruun,
779 1784 810 1839 ct
829 1778 959 1839 deintus
980 1796 1053 1839 cunr
1073 1778 1259 1841 (jlrrisrnute
1278 1794 1420 1859 quuruor
1453 1714 1459 1833 l

111 1874 195 1945 pari
220 1874 384 1955 distantia,
409 1872 531 1953 dicens,
555 1874 634 1935 dum
655 1872 834 1953 quamlibet
858 1892 987 1937 crucem
1014 1872 1106 1937 lucit:

101 1984 295 2179 Sancti
313 1995 354 2075 ›l‹
369 1989 534 2091 ficetur,
558 1998 603 2073 et
625 2014 759 2073 conse
786 1998 826 2075 ›1‹
841 1991 997 2088 cretur,
1019 1986 1220 2088 Dumine,
1242 1988 1414 2091 signum

208 2090 338 2177 istud.
389 2095 440 2176 In
468 2093 645 2178 numine
671 2095 735 2177 Pa
762 2101 802 2180 ›l‹
827 2093 923 2193 tris,
951 2102 996 2177 et
1021 2093 1073 2175 Fi
1103 2098 1144 2179 ›1‹
1168 2091 1224 2191 lii,
1252 2102 1296 2176 et
1323 2092 1414 2198 Spi-

92 2198 230 2283 ritus
261 2202 301 2282 ›1‹
327 2197 476 2283 sancti.
528 2200 580 2281 ln
606 2198 820 2283 honurem
847 2198 988 2282 sancti
1027 2202 1079 2285 N.
1118 2197 1211 2279 Pax
1238 2195 1329 2280 tibi.

203 2358 335 2421 Deinde
358 2358 458 2423 finitis
481 2358 687 2439 Antiphone,
712 2366 742 2421 ct
762 2360 910 2433 l'sulrno',
941 2380 980 2424 uc
1001 2360 1099 2424 luctis
1122 2362 1276 2425 crucibus
1301 2362 1416 2443 praculi-

103 2456 196 2537 ctis‚
219 2454 374 2519 Pontifex
398 2468 499 2539 stans,
524 2457 672 2537 deposita
698 2458 803 2540 mitra,
829 2458 921 2520 elicit:
980 2499 984 2506 -

674 2596 871 2679 Oremus.

191 2735 449 2941 ”bellue
470 2733 734 2939 uuum
763 2731 1413 2940 Publicuuiulbllllbefb'

148 2937 279 3024 uibus
315 2939 644 3025 adversentium
684 2940 941 3045 cingebutur
977 2901 1217 3039 exercitus,
1255 2899 1414 3024 cudere’

132 3044 274 3146 ecisti3
297 3054 346 3129 tu
369 3044 453 3129 hoc
472 3045 810 3129 tintinnabulum
835 3045 1006 3130 coelesti
1027 3043 1140 3130 bene
1157 3052 1197 3131 ›1‹
1223 3043 1414 3128 dictiune

109 3147 347 3271 perfunde,
383 3158 432 3233 ut
468 3157 569 3234 ante
605 3150 795 3235 sunitum
831 3151 922 3255 ejus
957 3149 1129 3253 lungius
1170 3146 1414 3251 effugentur

116 3257 253 3355 1gm'ta
289 3253 430 3359 jucula
464 3254 641 3353 inimici,
680 3256 909 3361 percussio
942 3253 1187 3354 fulminum,
1221 3257 1414 3358 impetus

116 3355 325 3479 lepidum,
352 3357 476 3442 laesio
504 3364 832 3481 tempestutum
864 3367 914 3442 ut
941 3357 998 3443 ad
1025 3356 1414 3520 interrogatipunem

117 3460 440 3688 eruum
466 3460 960 3689 nullumuque,
998 3462 1414 3687 uultumque?

118 3679 207 3769 ant:
259 3671 301 3752 A
336 3669 449 3754 fuere
485 3672 664 3754 Dummr
698 3681 820 3756 mota
856 3681 924 3756 est
959 3680 1092 3771 terra,
1127 3695 1154 3752 a
1184 3670 1295 3754 sucre
1328 3669 1414 3753 Der

117 3771 270 3874 Jacob,
300 3773 375 3879 qui
402 3776 620 3859 convertit
645 3785 817 3883 petram
848 3776 894 3859 in
920 3785 1076 3878 stagna
1109 3777 1336 3896 aquurum,
1370 3782 1415 3857 et

119 3902 273 3985 rupem
299 3878 344 3960 in
371 3878 514 3963 fontes
542 3883 767 3986 aquurum.
802 3881 904 3965 Non
932 3905 1037 3984 ergo
1065 3877 1194 3963 nobis
1212 3878 1412 3979 Domine,

117 4007 206 4066 non
233 3981 377 4084 nobis,
405 3981 485 4067 sed
511 3984 677 4067 numini
708 3993 785 4069 tuo
813 3984 871 4070 du
897 3984 1099 4089 gluriam,
1128 4007 1260 4089 super
1285 3982 1413 4066 mise-

118 4084 308 4187 ricerdia
330 4097 420 4188 tua,
444 4098 493 4172 ut
517 4113 616 4171 cum
667 4114 832 4173 raesens
850 4087 1087 4189 vusculum,
1111 4087 1223 4171 sicut
1245 4085 1413 4193 reliqua

118 4188 267 4274 alteris
295 4216 416 4292 vasa,
450 4217 577 4276 sacro
674 4197 851 4277 rismate
883 4192 1091 4296 tungitur,
1119 4191 1230 4275 Oleo
1257 4201 1412 4276 sancto

116 4295 302 4398 ungitur,
328 4296 591 4402 quicumque
619 4295 676 4381 ad
703 4298 894 4381 sunitum
921 4298 1012 4402 ejus
1040 4295 1333 4393 convenerint,
1355 4295 1411 4379 ab

116 4398 320 4483 umnibus
362 4400 526 4484 inimici
565 4401 880 4486 tentatiunibus
918 4401 1056 4502 liberi,
1098 4425 1272 4522 semper
1308 4397 1412 4484 fidei

119 4501 359 4587 Cethulicae
387 4504 649 4590 documenta
676 4510 909 4591 sectentur.
960 4507 1045 4589 Per
1071 4505 1310 4589 Dummum
1335 4530 1411 4588 no·

115 4617 257 4692 strum
294 4608 320 4690 J
322 4634 445 4693 esum
486 4609 710 4694 Christum
746 4610 905 4695 Filium
940 4620 1080 4695 tuum:
1138 4608 1223 4711 Qui
1265 4617 1409 4694 tecum
