3150 5094
508 346 560 408 Dc
582 344 708 409 Altaris
734 343 1005 410 Consecratione.
1343 345 1405 410 109

186 523 362 605 Repetitur
383 525 584 607 Antiphona.

185 623 304 705 Deus
321 619 368 701 in
388 617 538 703 mddio
561 621 664 724 ejus,
687 643 776 702 non
800 615 1167 702 commovebitur:
1186 618 1208 668 *
1227 617 1402 724 adjuva·

113 724 173 811 bit
191 751 291 810 cam
307 723 430 807 Deus
448 748 577 807 mane
597 721 801 807 diliculo

187 850 364 934 Repetitnr
386 853 588 935 Antiphona.

187 946 474 1035 Conturbatae
498 956 600 1031 sunt
617 956 784 1050 gentes,
803 955 848 1030 et
865 945 1073 1030 inclinata
1092 955 1194 1030 sunt
1217 972 1366 1050 regna:
1386 954 1404 994 '¹‘

109 1051 233 1139 dedit
251 1077 408 1139 vocem
427 1077 563 1152 suam,
582 1061 703 1135 mota
722 1059 791 1135 est
808 1059 938 1134 terra.

186 1178 362 1260 Repetitur
384 1179 585 1262 Antiphona.

187 1277 404 1361 Dominus
432 1277 646 1362 virtitum
672 1272 920 1359 nobiscum:
946 1280 966 1322 *
993 1276 1226 1380 suscdptor
1253 1284 1405 1359 noster

101 1379 230 1464 Deus
247 1379 398 1465 Jacob.

186 1503 362 1586 chctitur
384 1505 585 1589 Antiphona.

186 1603 355 1705 Venite,
374 1614 418 1689 et
436 1604 585 1689 videte
604 1607 743 1710 opera
761 1603 950 1703 Domini,
969 1627 1069 1707 quae
1088 1603 1238 1709 posuit
1256 1602 1404 1709 prodi·

94 1709 179 1811 gia
212 1733 344 1814 super
376 1717 555 1793 terram:
582 1714 601 1756 *
629 1707 832 1791 adferens
865 1706 996 1790 bella
1014 1730 1154 1810 usque
1187 1705 1245 1790 ad
1271 1707 1405 1790 finem

96 1821 364 2019 teniddpctitur
386 1936 588 2019 Antiphona.

188 2038 354 2119 Arcum
369 2039 580 2137 conteret,
595 2046 639 2121 et
650 2036 896 2136 confringet
910 2034 1077 2116 armar*
1091 2043 1136 2117 et
1151 2042 1277 2117 scuta
1288 2058 1404 2116 com·

101 2137 239 2224 boret
256 2141 358 2243 igni.

185 2263 362 2345 Repetitur
385 2264 586 2347 Antiphona.
612 2340 620 2349 ⁸

189 2363 368 2464 Vadite,
386 2372 431 2447 et
448 2362 597 2449 vidite
617 2364 825 2469 quoniam
844 2387 927 2465 ego
947 2387 1044 2444 sum
1059 2362 1196 2446 Deus:
1210 2367 1230 2409 *
1243 2362 1404 2445 exaltat·

105 2464 192 2549 bor
210 2467 255 2550 in
275 2465 504 2570 Gentibus,
524 2478 568 2553 et
587 2466 817 2553 exaltabor
835 2467 882 2554 in
899 2475 1028 2550 terra.

187 2589 362 2673 Repetitur
383 2589 585 2672 Antiphona.
609 2633 612 2637 ,

188 2690 404 2774 Dominus
431 2692 645 2777 virtitum
671 2690 919 2777 nobiscum:
945 2690 1225 2794 *susceptor
1252 2701 1404 2776 noster

113 2789 230 2876 Deus
248 2792 399 2878 Jacob.

185 2935 228 2997 Et
250 2954 317 2998 non
342 2936 461 2998 dicitur
483 2935 601 3002 Gloria
622 2936 728 3019 Patri,
759 2933 819 2996 scd
842 2931 1034 3014 Antiphona
1057 2932 1224 3012 repetitur.
1270 2925 1405 2993 Interim

115 3028 189 3092 dnm
213 3029 404 3112 Antiphona
435 3040 465 3093 et
494 3031 650 3094 Psalmus
679 3030 826 3112 praedicti
858 3029 1029 3111 dicuntur,
1061 3024 1236 3106 Pontifex,
1269 3037 1405 3108 accepta

114 3127 216 3203 mitra,
242 3125 349 3189 fundit
374 3136 404 3188 ct
428 3128 555 3206 spargit
578 3129 689 3190 olcuni
705 3125 1039 3204 Catcchnrnenorum,
1063 3130 1094 3184 ct
1109 3121 1264 3185 Chrisma
1283 3123 1407 3202 paritor

115 3220 254 3302 desuper
277 3224 394 3302 altaro,
423 3222 507 3284 illud
536 3240 635 3285 niann
664 3223 801 3285 dextera
829 3220 1037 3303 confricans,
1069 3219 1203 3301 liniens
1233 3226 1265 3280 ct
1286 3236 1404 3299 perun-

113 3334 201 3394 gens.
237 3317 313 3395 Quo
333 3318 434 3392 iacto,
455 3318 578 3400 incipit,
602 3319 719 3381 schola
741 3336 801 3381 seu
821 3317 982 3380 ministris
1002 3313 1290 3397 prosequentibus
1313 3312 1404 3376 Anti-

113 3412 268 3489 phonam:
293 3432 368 3477 curn
392 3421 500 3492 cantu,
523 3431 600 3494 pag.
623 3409 675 3474 71.

185 3532 303 3615 Ecce
322 3531 434 3616 odor
452 3531 533 3615 fflii
549 3534 648 3633 mei,
664 3532 778 3615 sicut
796 3529 909 3614 odor
920 3502 1022 3633 agri
1040 3529 1171 3636 pleni,
1186 3530 1256 3612 cui
1275 3529 1403 3615 bene·

111 3632 221 3718 dixit
247 3635 483 3726 Dominus:
515 3638 714 3720 crescere
740 3646 786 3720 te
814 3635 947 3718 faciat
978 3634 1100 3717 Deus
1126 3658 1262 3734 meus,
1288 3635 1404 3717 sicut

111 3740 288 3821 aronam
305 3741 454 3822 maris:
479 3749 524 3824 et
549 3739 686 3824 donet
708 3739 790 3823 tibi
815 3737 870 3822 de
888 3762 990 3821 rore
1009 3736 1112 3821 coeli
1133 3736 1402 3822 benedictio-

110 3866 220 3926 nem.

280 3974 283 3979 ·
644 3957 799 4020 Psalmus
823 3957 874 4020 86.

228 4074 433 4159 damdnta
461 4076 552 4180 ejus
578 4076 622 4157 in
648 4073 872 4159 montibus
900 4072 1080 4156 sanctis:
1102 4079 1122 4120 *
1146 4071 1288 4174 diligit
1314 4073 1403 4156 Do·

187 4179 330 4300 minus
344 4188 499 4302 portas
513 4179 619 4262 Sion
638 4204 770 4285 super
790 4177 936 4261 omnia
949 4174 1235 4298 taberndcnla
1251 4176 1403 4259 Jacob.

187 4281 395 4366 Glon6sa
423 4281 543 4366 d1cta
570 4290 672 4366 sunt
700 4281 756 4366 dc
783 4290 827 4365 te
865 4283 887 4333 *
914 4287 1068 4364 civitas
1094 4279 1216 4400 Der..

186 4384 461 4508 Memoroero
489 4384 658 4486 Rahab,
686 4395 731 4469 et
756 4345 1295 4490 Babylonis*sc1dnt1um
1321 4408 1403 4468 me.

111 4592 131 4644 ῃ
156 4490 305 4678 hichdd
323 4490 589 4680 ahssmi'lgfienae,
612 4498 656 4574 et
674 4489 831 4594 Tyrus,
850 4499 895 4574 ct
912 4484 1104 4596 populus
1128 4485 1403 4594 AEthiopum,

302 4618 386 4679 run
496 4620 531 4679 c.
677 4645 680 4649 .
1282 4639 1284 4644 ψ
