3150 5094
185 348 246 415 ΗΒ
571 351 1091 437 Dfflmfflfflmffmmm.

269 520 486 624 Qudniam
512 519 790 623 magnificata
822 529 1061 625 estusque
1095 518 1151 604 ad
1183 519 1323 605 caelos
1348 519 1479 604 mise·

182 623 373 709 ricdrdia
400 634 485 723 tua,
512 626 535 675 *
562 636 606 709 et
633 650 772 731 usque
800 623 856 709 ad
883 623 1022 708 nubes
1049 625 1212 708 veritas
1237 634 1324 709 tua.

268 729 476 814 Exaltare
508 755 640 836 super
671 729 809 813 caelos
840 729 977 813 Deus:
1010 728 1032 780 *
1059 737 1102 813 et
1134 754 1268 836 super
1300 753 1478 813 omnem

181 843 345 919 terram
371 833 510 937 gldria
536 843 621 918 tua.
1376 864 1382 878 ¹

269 938 421 1023 Gldria
447 938 577 1039 Patri,
606 946 649 1022 et
677 938 801 1040 Filio,
829 940 850 990 *
878 948 921 1024 et
948 937 1128 1045 Spiritui
1155 947 1320 1023 sancto.

267 1045 388 1127 Sicut
415 1056 510 1133 erat
537 1043 580 1125 in
606 1042 840 1150 principio,
868 1052 913 1128 et
938 1068 1069 1144 nunc,
1098 1051 1141 1127 et
1169 1068 1354 1150 semper,
1381 1043 1404 1095 *
1432 1049 1478 1126 et

180 1148 224 1231 in
252 1147 414 1232 saecula
441 1147 714 1231 saeculdrum.
768 1148 922 1232 Amen.

714 1346 945 1415 Pfflmmsdd

184 1478 326 1670 Deus
352 1478 611 1562 misereatur
636 1476 791 1577 nostri,
824 1488 867 1563 et
899 1475 1131 1563 benedicat
1161 1476 1305 1563 nobis:
1331 1478 1354 1527 *
1381 1476 1477 1559 illd·

275 1582 411 1704 nrinet
449 1581 617 1666 vultum
657 1608 784 1665 suum
825 1608 957 1688 super
992 1607 1091 1684 nos,
1133 1591 1177 1667 et
1215 1582 1478 1666 misereatur

182 1696 331 1875 nostffi.
354 1794 670 1912 cognoscamus
697 1790 885 1874 interra
914 1790 1030 1874 viam
1055 1800 1192 1875 tuam:
1219 1789 1241 1841 *
1267 1790 1311 1872 in
1340 1789 1477 1873 ‹imni-

181 1893 262 1980 bus
292 1894 507 1979 Gentibus
534 1894 724 1978 salutare
751 1905 885 1980 tuum.

267 1999 567 2083 Confiteantur
595 1996 674 2083 tibi
699 1999 853 2106 pdpuli
880 1999 1016 2084 Deus:
1035 1998 1057 2050 *
1077 2001 1368 2085 confiteantur
1395 1996 1479 2082 tibi

64 2232 67 2239 Ι
180 2104 334 2211 pdpuli
361 2128 523 2188 omnes.

266 2210 490 2292 Laetentur
518 2216 562 2291 et
590 2207 809 2292 exsultent
836 2206 1016 2292 Gentes:
1039 2209 1061 2258 *
1081 2208 1287 2315 qudniam
1308 2204 1479 2313 judicas

24 2328 27 2345 '
180 2313 370 2420 pdpuios
397 2312 441 2394 in
469 2311 692 2417 aequitate,
721 2322 765 2396 et
793 2311 958 2396 Gentes
985 2313 1029 2395 in
1056 2321 1174 2398 terra
1201 2312 1363 2418 dirigis.

99 2458 104 2467 ·
267 2417 568 2502 Confiteantur
600 2414 681 2499 tibi
714 2415 868 2523 pdpuli
899 2417 1036 2518 Deus,
1073 2418 1363 2503 confiteantur
1394 2415 1480 2501 tibi

181 2521 333 2629 pdpuli
362 2545 528 2606 omnes:
555 2522 577 2571 *
603 2529 721 2604 terra
747 2519 871 2605 dedit
897 2520 1087 2605 fructum
1114 2547 1251 2604 suum.

265 2623 510 2710 Benedicat
535 2649 617 2709 nos
643 2623 775 2727 Deus,
798 2625 920 2708 Deus
946 2636 1106 2726 noster,
1134 2623 1367 2710 benedicat
1393 2650 1479 2712 nos

180 2730 318 2814 Deus:
344 2732 367 2781 *
393 2740 437 2814 et
463 2730 659 2813 metuant
687 2755 787 2814 eum
814 2754 966 2814 omnes
992 2730 1102 2814 fines
1129 2741 1271 2814 terrae.

267 2834 420 2918 Gldria
446 2834 578 2934 Patri,
606 2841 649 2918 et
676 2834 798 2935 Filio,
827 2835 848 2885 *
876 2842 920 2918 et
946 2834 1126 2941 Spiritui
1153 2843 1318 2919 sancto,

265 2939 386 3024 Sicut
414 2946 506 3023 erat
531 2938 577 3021 in
603 2937 836 3044 principio,
865 2948 910 3021 et
935 2965 1066 3040 nunc,
1094 2946 1139 3022 et
1167 2963 1354 3046 semper,
1381 2939 1404 2990 *
1434 2948 1481 3025 et

180 3042 224 3125 in
251 3043 415 3128 sa'ecuia
441 3042 715 3127 saeculdrum.
766 3042 921 3125 Amen.

715 3233 940 3295 Pfflmmsdst

183 3370 326 3561 Deus
361 3373 406 3459 in
441 3370 703 3480 adjuterium
737 3396 883 3458 meum
918 3370 1108 3459 intende:
1139 3373 1161 3425 *
1196 3372 1385 3460 deine
1418 3375 1480 3463 ad

275 3478 569 3584 adjuvandum
594 3504 665 3563 me
692 3479 861 3563 festina.

267 3583 595 3670 confundantur
624 3593 669 3669 et
695 3586 987 3683 revereantur,
1008 3582 1030 3634 *
1054 3583 1129 3688 qui
1157 3590 1359 3689 quaerunt
1386 3583 1479 3667 ani-

179 3710 297 3770 mam
322 3714 476 3771 meam.

179 3794 532 3980 mihAVedlfflntur
550 3796 802 3892 retrdrsum,
826 3800 869 3876 et
892 3790 1161 3892 erubescant,
1185 3788 1300 3895 *qui
1318 3788 1479 3879 volunt

270 3924 355 3979 lm
401 3922 436 3980 a.

265 4004 531 4087 Avertantur
551 4000 699 4087 statim
718 3997 1036 4102 erubescentes,
1054 3999 1165 4105 *qui
1183 3998 1334 4084 dicunt
1352 3998 1477 4084 mihis

52 4184 57 4193 .
178 4103 313 4208 Euge,
342 4132 461 4210 euge.

265 4210 499 4294 Exsultent
524 4219 568 4295 et
594 4209 796 4295 laetentur
827 4208 871 4293 in
903 4219 948 4295 te
983 4231 1135 4293 omnes
1169 4207 1243 4315 qui
1271 4217 1476 4314 quaerunt

179 4324 238 4416 te,
265 4317 358 4399 *et
393 4315 541 4399 dicant
573 4339 760 4421 semper:
796 4314 1100 4418 Magnificetur
1131 4313 1364 4397 deinus:
1398 4313 1474 4421 qui

180 4416 364 4521 diligunt
390 4419 580 4503 salutare
607 4428 739 4502 tuum.

264 4524 359 4627 Ego
387 4548 493 4608 vero
521 4527 693 4627 egenus,
722 4533 765 4608 et
791 4547 958 4629 pauper
986 4523 1137 4630 sum2*
1164 4522 1286 4607 Deus
1315 4517 1473 4627 adjuva

169 4651 254 4711 me.
