3090 5094
101 314 163 380 118
495 328 544 390 lic
566 328 691 391 Altnris
716 325 985 391 (hirson-utinm.

185 484 348 568 Currus
374 486 458 570 Dei
486 483 640 571 decem
665 485 856 570 millibus
881 485 1126 592 mirltiplex,
1156 485 1293 570 millia
1318 486 1431 573 12

98 589 297 674 tdntium:
324 591 346 641 *
371 589 585 675 deinus
612 591 657 674 in
684 591 746 674 eis
773 590 816 673 in
843 592 945 676 Sina
972 590 1017 673 in
1043 601 1208 676 sanct0.

186 701 437 787 Ascendisti
464 705 507 786 in
533 702 678 803 altum,
707 705 861 810 cepisti
881 702 1196 810 captivitatem:
1223 706 1245 756 *
1272 731 1381 791 acc
1392 718 1431 773 θ

98 806 202 913 pisti
231 805 346 890 dona
372 808 416 889 in
443 807 708 893 hominibus:

185 912 357 994 Etenim
367 939 456 997 non
466 911 1427 1010 credentes,*inhabitaredeinumDeuffl

185 1015 450 1102 Benedictus
481 1018 696 1101 Dominus
731 1016 801 1102 die
837 1015 1050 1123 quotidie:
1076 1019 1098 1069 ³
1130 1014 1427 1125 prespernO

100 1123 182 1208 iter
209 1121 340 1206 fdciet
365 1122 492 1208 nobis
519 1122 640 1205 Deus
668 1121 921 1205 salutdrium
947 1125 1209 1206 nostrdrum.
1427 1187 1431 1231 :

186 1225 307 1308 Deus
338 1238 503 1327 noster,
535 1226 657 1309 Deus
694 1226 839 1311 salvos
870 1224 1070 1311 faciendi:
1097 1227 1119 1277 *
1146 1238 1190 1311 et
1216 1218 1431 1310 deirff

100 1330 278 1415 Domini
305 1331 446 1414 exitus
474 1331 638 1415 mortis.

185 1436 501 1519 Verdmtamen
527 1435 648 1519 Deus
676 1435 919 1537 confringet
946 1438 997 1519 cei
1029 1434 1090 1518 ita
1119 1426 1431 1518 inimicorurfl

101 1543 298 1729 spidrunr:
324 1540 346 1590 *
372 1540 581 1625 verticem
612 1539 758 1646 capilli
788 1538 970 1646 peramb
1019 1539 1185 1623 dntium
1212 1540 1257 1622 in
1289 1514 1431 1623 dehfi

102 1668 126 1727 c
162 1670 182 1726 s
209 1668 310 1726 sms.

188 1748 310 1833 Dixit
336 1746 565 1832 deinus:
597 1746 666 1829 Ex
691 1748 836 1831 Basan
869 1751 1137 1849 convertam,
1164 1747 1187 1799 *
1213 1748 1389 1831 conver·
1409 1749 1431 1769 “

101 1862 191 1938 tam
217 1853 261 1935 in
288 1852 553 1959 profdndum
579 1853 725 1935 maris:

187 1958 246 2042 Ut
277 1958 513 2060 intingatur
544 1983 624 2064 pes
651 1968 751 2041 tuus
778 1957 821 2038 in
850 1957 1076 2058 sanguine:
1102 1959 1124 2009 i
1150 1955 1299 2058 lingua
1323 1980 1431 2039 ca*-

102 2090 205 2146 num
231 2066 407 2146 tudrum
435 2089 489 2146 ex
515 2061 709 2161 inimicis,
736 2059 833 2144 abi
866 2085 928 2144 so.

187 2164 405 2251 Viderunt
436 2168 657 2270 ingressus
692 2176 792 2249 tuos
870 2190 964 2265 eus,
998 2165 1020 2216 *
1053 2164 1277 2267 ingressus
1308 2164 1431 2248 Dei*

103 2270 204 2354 mei:
231 2270 366 2373 Regis
393 2271 479 2354 mei
508 2273 582 2377 qui
609 2280 675 2355 est
701 2270 746 2352 in
772 2279 936 2353 sancto.

187 2375 499 2459 Praevcnerunt
563 2375 751 2480 rincipes
786 2373 1003 2477 conjirncti
1035 2370 1339 2479 psallentibus,
1369 2367 1431 2421 ’⁶

102 2478 146 2561 in
173 2477 318 2563 medio
345 2402 669 2665 {uvencnddrum
695 2490 787 2585 tym
820 2478 1106 2561 anistridrum.

188 2586 240 2666 In
272 2608 348 2711 ecc
366 2585 466 2666 esiis
498 2582 743 2669 benedicite
819 2580 1108 2683 c0·D6min0,
1135 2582 1157 2632 *
1184 2579 1241 2666 de
1269 2572 1431 2665 fontia

102 2685 507 2898 buslllrsirdtednjamin
534 2788 895 2891 adolescentrdus
914 2791 936 2841 ²⁸
957 2791 1001 2872 in
1025 2788 1182 2873 mentis
1201 2791 1431 2873 excessus

162 3015 171 3038 Ι
188 2906 414 3093 Ρςίηοίἳὲε
432 2906 457 2987 J
458 2904 556 3026 ude,
577 2904 710 2988 duces
729 2907 897 2988 edrum:
911 2904 1166 3011 *principes
1182 2902 1431 2989 Zdbulort

103 3035 354 3199 prmliedddda
386 3009 692 3198 ffidtsaldirtdti
724 3120 828 3234 tuae:
856 3113 1114 3197 *confirma
1146 3112 1233 3197 hoc
1263 3112 1431 3197 Deuri

107 3220 227 3326 quod
255 3222 462 3327 operatus
490 3243 537 3301 es
565 3247 608 3301 nr
634 3216 773 3302 nobis.

192 3325 233 3407 A
259 3322 426 3431 templo
453 3332 530 3407 tuo
557 3322 602 3404 in
628 3322 652 3403 J
655 3319 879 3423 erirsalem,
904 3323 925 3373 ²*
951 3320 1032 3405 tibi
1059 3321 1244 3407 efferent
1270 3348 1431 3428 rege:

108 3436 298 3512 mdnera.

192 3533 378 3639 Increpa
404 3532 519 3616 feras
546 3529 779 3631 arimdinis,
808 3530 1089 3634 congregatio
1107 3534 1338 3616 taurorum
1359 3533 1431 3615 iz

108 3638 252 3722 vaccis
283 3636 561 3744 populorum:
589 3638 611 3688 *
637 3646 685 3719 ut
719 3635 953 3720 exclddant
987 3661 1079 3736 coc,
1115 3635 1188 3741 qui
1221 3628 1431 3742 probe'rtr?

108 3751 208 3825 sunt
236 3746 426 3843 argento.

192 3845 368 3951 Dissipa
396 3846 575 3947 Gentes,
604 3871 702 3950 quae
730 3844 845 3930 bella
872 3843 1038 3928 volunt:
1065 3843 1240 3929 venient
1266 3844 1394 3948 legdti

108 3976 163 4034 ex
191 3951 404 4056 AEgypto:
430 3952 452 4000 ‘i
478 3948 705 4055 AEthidpia
726 3950 966 4055 praeveniet
992 3974 1144 4032 manus
1173 3949 1264 4054 ejus
1290 3948 1392 4038 Deo.

193 4065 347 4166 Regna
373 4073 514 4163 terrae,
543 4067 715 4147 cantdte
742 4062 854 4146 Deo:
881 4064 902 4112 *
929 4061 1101 4168 psallite
1128 4062 1334 4147 deino.

192 4176 370 4261 Psillite
397 4176 510 4276 Deo,
549 4177 621 4282 qui
655 4174 851 4260 ascendit
885 4201 1017 4282 super
1050 4172 1210 4259 coelum
1237 4175 1397 4275 coeli*

109 4280 165 4365 ad
194 4281 428 4365 Orientem.
835 4304 841 4313 ·

193 4386 308 4470 Ecce
329 4385 450 4469 dabit
468 4385 568 4470 voci
585 4411 676 4468 suae
696 4409 851 4468 vocem
873 4383 1056 4485 virtritiS,
1085 4382 1185 4467 date
1213 4381 1402 4487 gldriarn

109 4489 206 4610 Deo
234 4516 366 4679 {uper
393 4490 540 4591 Israel,
560 4492 581 4540 *
603 4490 923 4592 magnificentia
942 4490 1042 4594 ejus,
1072 4498 1115 4572 et
1142 4488 1280 4572 virtus
1311 4491 1403 4595 ejus

108 4620 153 4676 1n
179 4601 237 4677 nri
269 4596 283 4676 i
315 4621 377 4677 us.
