3090 5094
164 212 227 276 106
564 206 762 268 [redituris
787 204 1056 269 Consecratinne.

241 379 314 453 Qua
344 378 449 452 finita,
480 379 635 441 Pnntii'ex
663 381 791 459 incipit,
821 380 936 441 scitula
963 398 1020 441 sen
1046 380 1205 441 ministris
1232 376 1543 458 prosequentzi

162 475 232 551 bus,
258 475 499 555 Antiplmnam:
526 487 733 555 cumcuma,
758 495 834 557 pag.
859 473 914 539 68.

162 712 228 798 fb
241 609 377 797 Urffit
392 618 438 695 te
455 611 576 695 Deus
592 610 714 694 Deus
731 618 835 693 tuus
857 609 956 693 <ileo
975 607 1144 692 laetitiae
1166 632 1261 713 prae
1282 612 1517 693 consur

183 741 199 795 1
231 740 282 796 us
369 740 401 796 s.

695 909 851 971 Psalmns
875 908 927 970 44.

163 1033 417 1224 Eructavit
432 1069 670 1165 cormeum
685 1043 870 1128 verbum
885 1042 1210 1128 bonum:*dico
1226 1067 1309 1148 ego
1325 1047 1452 1150 dpera
1540 1017 1545 1032 ⁴

256 1173 356 1232 mea
374 1173 477 1252 regi.

242 1284 418 1366 Repetitur
440 1280 641 1362 Antiphonti.

241 1384 414 1487 Lingua
428 1406 528 1466 mea
547 1380 741 1464 calamus
760 1380 931 1483 scribae,
946 1381 1194 1466 *velociter
1214 1380 1456 1466 scribentis

242 1522 418 1604 Repetitur
440 1517 640 1599 Antiphonti.

242 1624 491 1754 Spepibsuss·
507 1630 648 1752 fornia
675 1655 770 1736 prae
797 1631 901 1714 filiis
927 1629 1170 1752 himinum,
1203 1628 1367 1715 diffusa
1397 1638 1465 1751 est

164 1737 307 1921 ἓξὲξ
308 1763 382 1922 ι1111111
383 1734 518 1920 οΙέὼιιε
536 1745 639 1819 turs:
661 1735 683 1786 *
703 1738 941 1840 propterea
959 1733 1188 1820 benedix1t
1211 1742 1256 1818 te
1277 1734 1402 1817 Deus
1421 1759 1467 1815 1n

244 1982 417 2061 {inpetitur
439 1981 640 2061 Antiphone.

241 2088 487 2191 Accingere
511 2085 661 2191 gladio
688 2096 766 2171 tuo
790 2111 924 2192 super
945 2086 1087 2170 femur
1111 2098 1247 2190 tuum,
1267 2089 1289 2141 *
1308 2097 1470 2193 poten·

169 2189 349 2291 tissime,

246 2329 420 2410 Repetitnr
443 2328 643 2410 Antiphona.

245 2431 501 2536 Specietua,
514 2441 558 2517 et
573 2431 903 2538 pulchritudine
917 2439 995 2515 tua
1009 2430 1233 2534 *intende
1247 2439 1470 2543 prdspere

166 2534 374 2639 procede,
394 2546 439 2620 et
456 2560 602 2640 regna.

246 2671 420 2753 Repetitnr
441 2672 643 2755 Antiphone.

243 2770 331 2851 Pro
365 2778 434 2852 ter
449 2768 693 2867 veritatem,
711 2774 756 2851 et
771 2765 1164 2868 mansuetidinem,
1181 2778 1226 2852 et
1239 2768 1470 2873 justitiam:
1507 2806 1534 2853 ε

167 2873 189 2923 *
209 2880 254 2955 et
273 2794 465 2957 deducet
483 2881 528 2957 te
545 2869 803 2955 mirabiliter
823 2868 1007 2952 dextera
1027 2879 1115 2953 tua.

245 3010 420 3092 Repetitur
444 3008 644 3090 Antiphnna.

245 3116 427 3213 Sagittae
441 3120 531 3196 tuae
545 3118 701 3213 acutae,
715 3111 870 3218 papuli
884 3111 966 3196 sub
984 3121 1029 3197 te
1047 3112 1218 3215 cadent,
1231 3114 1253 3165 *
1265 3111 1310 3195 in
1328 3112 1540 3201 cordas

167 3213 446 3300 inimicdrum
463 3216 590 3318 regis.

249 3358 422 3439 Repetitnr
446 3359 646 3441 Antiphnna.

249 3459 383 3547 Sedes
408 3470 486 3544 tua
510 3461 631 3545 Deus
662 3461 706 3542 in
730 3460 940 3545 saeelum
964 3462 1133 3545 sa'eculi:
1159 3463 1181 3514 ¹*
1208 3463 1331 3565 virga
1354 3462 1469 3550 dire-
1512 3498 1545 3512 ·

169 3563 327 3647 ctidnis
344 3566 468 3667 virga
483 3566 606 3668 regni
622 3565 696 3648 tui.

250 3700 423 3781 Repetitur
446 3695 646 3777 Antiphona.

248 3795 450 3881 Dilexisti
482 3798 708 3902 justitiam,
742 3808 787 3882 et
819 3797 954 3882 odisti
986 3800 1047 3883 ini
1081 3798 1278 3882 uitatem:
1314 3804 1335 3846 *
1366 3826 1446 3905 pr
1474 3830 1542 3874 ο

170 3901 325 4088 ρὲἐέῖα
342 3901 471 4088 untnuig
486 3909 531 3985 te
549 3900 671 3985 Deus
688 3901 810 3986 Deus
826 3912 927 3986 tuus
949 3825 1234 3988 sleoiaetitiae
1252 3927 1347 4009 prae
1367 3929 1446 3989 co·

170 4027 191 4085 s
223 4029 245 4086 r
313 4029 365 4087 us
473 4067 482 4087 .

253 4138 428 4219 Repetitur
450 4134 650 4215 Antiphonti.

245 4234 433 4340 Myrrha,
456 4244 502 4321 et
522 4243 660 4338 gutta,
682 4246 726 4321 et
745 4238 863 4321 cisia
882 4262 909 4319 a
928 4239 1200 4324 vestimentis
1219 4236 1320 4337 tuis,
1342 4261 1370 4320 a
1395 4236 1503 4323 ‹16-

169 4337 314 4421 mibus
334 4339 555 4425 eburneis:
572 4340 595 4388 *
613 4366 668 4423 ex
686 4341 845 4444 quibus
865 4340 1197 4428 delectaverunt
1215 4350 1261 4426 te
1280 4340 1387 4424 ffliae
1406 4364 1483 4426 re·

170 4466 275 4544 gum
293 4442 338 4522 in
357 4440 525 4532 hondre
544 4452 634 4529 tuo,

764 4612 937 4623 “”“
1538 4563 1545 4808 i
