<?xml version="1.0" encoding="UTF-8"?>
<!DOCTYPE html PUBLIC "-//W3C//DTD XHTML 1.0 Transitional//EN"
    "http://www.w3.org/TR/xhtml1/DTD/xhtml1-transitional.dtd">
<html xmlns="http://www.w3.org/1999/xhtml" xml:lang="en" lang="en">
 <head>
  <title>
</title>
<meta http-equiv="Content-Type" content="text/html;charset=utf-8" />
  <meta name='ocr-system' content='tesseract 3.04.00' />
  <meta name='ocr-capabilities' content='ocr_page ocr_carea ocr_par ocr_line ocrx_word'/>
</head>
<body>
  <div class='ocr_page' id='page_1' title='image "./ritusbenedictio00churgoog_0112.png"; bbox 0 0 3090 5094; ppageno 0'>
   <div class='ocr_carea' id='block_1_1' title="bbox 519 348 1417 416">
    <p class='ocr_par' dir='ltr' id='par_1_1' title="bbox 519 348 1417 416">
     <span class='ocr_line' id='line_1_1' title="bbox 519 348 1417 416; baseline 0.002 -3"><span class='ocrx_word' id='word_1_1' title='bbox 519 352 570 413; x_wconf 85' lang='lat' dir='ltr'><strong>De</strong></span> <span class='ocrx_word' id='word_1_2' title='bbox 594 350 718 414; x_wconf 85' lang='lat' dir='ltr'><strong>Altaris</strong></span> <span class='ocrx_word' id='word_1_3' title='bbox 744 348 1013 414; x_wconf 84' lang='lat' dir='ltr'><strong>Consecratione.</strong></span> <span class='ocrx_word' id='word_1_4' title='bbox 1375 350 1417 416; x_wconf 89' lang='lat'><strong>99</strong></span> 
     </span>
    </p>
   </div>
   <div class='ocr_carea' id='block_1_2' title="bbox 115 518 1540 1229">
    <p class='ocr_par' dir='ltr' id='par_1_2' title="bbox 115 518 1419 733">
     <span class='ocr_line' id='line_1_2' title="bbox 196 518 1419 607; baseline -0.002 0"><span class='ocrx_word' id='word_1_5' title='bbox 196 522 395 607; x_wconf 65' lang='lat' dir='ltr'><strong>Laudite</strong></span> <span class='ocrx_word' id='word_1_6' title='bbox 432 548 533 606; x_wconf 89' lang='lat' dir='ltr'><strong>eum</strong></span> <span class='ocrx_word' id='word_1_7' title='bbox 568 523 611 604; x_wconf 95' lang='lat' dir='ltr'><strong>in</strong></span> <span class='ocrx_word' id='word_1_8' title='bbox 649 547 760 606; x_wconf 90' lang='lat' dir='ltr'><strong>sono</strong></span> <span class='ocrx_word' id='word_1_9' title='bbox 796 519 935 606; x_wconf 88' lang='lat' dir='ltr'><strong>tubae:</strong></span> <span class='ocrx_word' id='word_1_10' title='bbox 970 519 992 570; x_wconf 85' lang='grc'>*</span> <span class='ocrx_word' id='word_1_11' title='bbox 1027 518 1205 603; x_wconf 63' lang='lat' dir='ltr'><strong>laudate</strong></span> <span class='ocrx_word' id='word_1_12' title='bbox 1239 545 1338 604; x_wconf 87' lang='lat' dir='ltr'><strong>eum</strong></span> <span class='ocrx_word' id='word_1_13' title='bbox 1373 522 1419 604; x_wconf 90' lang='lat' dir='ltr'><strong>in</strong></span> 
     </span>
     <span class='ocr_line' id='line_1_3' title="bbox 115 624 622 733; baseline -0.006 -23"><span class='ocrx_word' id='word_1_14' title='bbox 115 627 344 733; x_wconf 80' lang='lat' dir='ltr'><strong>psalteria,</strong></span> <span class='ocrx_word' id='word_1_15' title='bbox 372 636 416 710; x_wconf 88' lang='lat' dir='ltr'><strong>et</strong></span> <span class='ocrx_word' id='word_1_16' title='bbox 443 624 622 709; x_wconf 85' lang='lat' dir='ltr'><strong>cithara.</strong></span> 
     </span>
    </p>

    <p class='ocr_par' dir='ltr' id='par_1_3' title="bbox 117 724 1418 936">
     <span class='ocr_line' id='line_1_4' title="bbox 199 724 1418 835; baseline 0 -22"><span class='ocrx_word' id='word_1_17' title='bbox 199 728 398 814; x_wconf 65' lang='lat' dir='ltr'><strong>Laudite</strong></span> <span class='ocrx_word' id='word_1_18' title='bbox 439 756 540 814; x_wconf 89' lang='lat' dir='ltr'><strong>eum</strong></span> <span class='ocrx_word' id='word_1_19' title='bbox 581 731 626 811; x_wconf 95' lang='lat' dir='ltr'><strong>in</strong></span> <span class='ocrx_word' id='word_1_20' title='bbox 661 733 871 835; x_wconf 69' lang='lat' dir='ltr'><strong>tympano</strong></span> <span class='ocrx_word' id='word_1_21' title='bbox 910 737 954 811; x_wconf 87' lang='lat' dir='ltr'><strong>et</strong></span> <span class='ocrx_word' id='word_1_22' title='bbox 988 724 1146 809; x_wconf 90' lang='lat' dir='ltr'><strong>choro:</strong></span> <span class='ocrx_word' id='word_1_23' title='bbox 1181 727 1203 775; x_wconf 85' lang='lat'>*</span> <span class='ocrx_word' id='word_1_24' title='bbox 1239 728 1418 813; x_wconf 73' lang='lat' dir='ltr'><strong>lauditc</strong></span> 
     </span>
     <span class='ocr_line' id='line_1_5' title="bbox 117 832 780 936; baseline -0.005 -19"><span class='ocrx_word' id='word_1_25' title='bbox 117 852 224 917; x_wconf 85' lang='lat' dir='ltr'><strong>cum</strong></span> <span class='ocrx_word' id='word_1_26' title='bbox 249 832 295 917; x_wconf 91' lang='lat' dir='ltr'><strong>in</strong></span> <span class='ocrx_word' id='word_1_27' title='bbox 322 832 501 918; x_wconf 90' lang='lat' dir='ltr'><strong>chordis</strong></span> <span class='ocrx_word' id='word_1_28' title='bbox 529 842 573 918; x_wconf 88' lang='lat' dir='ltr'><strong>ct</strong></span> <span class='ocrx_word' id='word_1_29' title='bbox 601 836 780 936; x_wconf 81' lang='lat' dir='ltr'><strong>organo.</strong></span> 
     </span>
    </p>

    <p class='ocr_par' dir='ltr' id='par_1_4' title="bbox 117 933 1540 1229">
     <span class='ocr_line' id='line_1_6' title="bbox 198 933 1417 1041; baseline -0.002 -21"><span class='ocrx_word' id='word_1_30' title='bbox 198 936 397 1021; x_wconf 68' lang='lat' dir='ltr'><strong>Laudine</strong></span> <span class='ocrx_word' id='word_1_31' title='bbox 434 963 535 1021; x_wconf 89' lang='lat' dir='ltr'><strong>eum</strong></span> <span class='ocrx_word' id='word_1_32' title='bbox 568 937 614 1019; x_wconf 94' lang='lat' dir='ltr'><strong>in</strong></span> <span class='ocrx_word' id='word_1_33' title='bbox 650 934 862 1041; x_wconf 73' lang='lat' dir='ltr'><strong>cymbalis</strong></span> <span class='ocrx_word' id='word_1_34' title='bbox 895 935 1290 1034; x_wconf 65' lang='lat' dir='ltr'><strong>benesonantibus,</strong></span> <span class='ocrx_word' id='word_1_35' title='bbox 1328 933 1417 1019; x_wconf 86' lang='lat' dir='ltr'><strong>lau·</strong></span> 
     </span>
     <span class='ocr_line' id='line_1_7' title="bbox 120 1038 1540 1146; baseline -0.003 -21"><span class='ocrx_word' id='word_1_36' title='bbox 120 1038 228 1125; x_wconf 66' lang='lat' dir='ltr'><strong>dite</strong></span> <span class='ocrx_word' id='word_1_37' title='bbox 255 1066 356 1126; x_wconf 84' lang='lat' dir='ltr'><strong>cum</strong></span> <span class='ocrx_word' id='word_1_38' title='bbox 381 1041 427 1124; x_wconf 95' lang='lat' dir='ltr'><strong>in</strong></span> <span class='ocrx_word' id='word_1_39' title='bbox 454 1039 667 1146; x_wconf 71' lang='lat' dir='ltr'><strong>cymbalis</strong></span> <span class='ocrx_word' id='word_1_40' title='bbox 695 1038 1031 1142; x_wconf 77' lang='lat' dir='ltr'><strong>jubilationisz*</strong></span> <span class='ocrx_word' id='word_1_41' title='bbox 1065 1039 1209 1122; x_wconf 92' lang='lat' dir='ltr'><strong>omnis</strong></span> <span class='ocrx_word' id='word_1_42' title='bbox 1238 1039 1419 1144; x_wconf 89' lang='lat' dir='ltr'><strong>spiritus</strong></span> <span class='ocrx_word' id='word_1_43' title='bbox 1535 1056 1540 1065; x_wconf 84' lang='lat'>·</span> 
     </span>
     <span class='ocr_line' id='line_1_8' title="bbox 117 1142 549 1229; baseline -0.009 0"><span class='ocrx_word' id='word_1_44' title='bbox 117 1142 275 1229; x_wconf 87' lang='lat' dir='ltr'><strong>laudet</strong></span> <span class='ocrx_word' id='word_1_45' title='bbox 299 1144 549 1228; x_wconf 81' lang='lat' dir='ltr'><strong>Dominum.</strong></span> 
     </span>
    </p>
   </div>
   <div class='ocr_carea' id='block_1_3' title="bbox 207 1260 1420 1351">
    <p class='ocr_par' dir='ltr' id='par_1_5' title="bbox 207 1260 1420 1351">
     <span class='ocr_line' id='line_1_9' title="bbox 207 1260 1420 1351; baseline -0.01 -17"><span class='ocrx_word' id='word_1_46' title='bbox 207 1269 249 1335; x_wconf 85' lang='lat' dir='ltr'><strong>Et</strong></span> <span class='ocrx_word' id='word_1_47' title='bbox 263 1287 329 1335; x_wconf 91' lang='lat' dir='ltr'><strong>non</strong></span> <span class='ocrx_word' id='word_1_48' title='bbox 349 1271 468 1334; x_wconf 90' lang='lat' dir='ltr'><strong>dicitur</strong></span> <span class='ocrx_word' id='word_1_49' title='bbox 485 1267 603 1334; x_wconf 81' lang='lat' dir='ltr'><strong>Gloria</strong></span> <span class='ocrx_word' id='word_1_50' title='bbox 620 1270 721 1351; x_wconf 88' lang='lat' dir='ltr'><strong>Patri,</strong></span> <span class='ocrx_word' id='word_1_51' title='bbox 745 1267 805 1329; x_wconf 90' lang='lat' dir='ltr'><strong>sed</strong></span> <span class='ocrx_word' id='word_1_52' title='bbox 821 1265 1011 1347; x_wconf 71' lang='lat' dir='ltr'><strong>Antiphone</strong></span> <span class='ocrx_word' id='word_1_53' title='bbox 1033 1266 1199 1346; x_wconf 84' lang='lat' dir='ltr'><strong>repetitur.</strong></span> <span class='ocrx_word' id='word_1_54' title='bbox 1228 1261 1301 1338; x_wconf 84' lang='lat' dir='ltr'><strong>Qun</strong></span> <span class='ocrx_word' id='word_1_55' title='bbox 1318 1260 1420 1340; x_wconf 86' lang='lat' dir='ltr'><strong>finita,</strong></span> 
     </span>
    </p>
   </div>
   <div class='ocr_carea' id='block_1_4' title="bbox 10 1361 1173 1449">
    <p class='ocr_par' dir='ltr' id='par_1_6' title="bbox 10 1361 1173 1449">
     <span class='ocr_line' id='line_1_10' title="bbox 10 1361 1173 1449; baseline -0.006 -20"><span class='ocrx_word' id='word_1_56' title='bbox 10 1414 13 1421; x_wconf 77' lang='lat'><em>,</em></span> <span class='ocrx_word' id='word_1_57' title='bbox 115 1364 287 1445; x_wconf 79' lang='lat' dir='ltr'><strong>Pontifex,</strong></span> <span class='ocrx_word' id='word_1_58' title='bbox 312 1368 464 1449; x_wconf 84' lang='lat' dir='ltr'><strong>deposita</strong></span> <span class='ocrx_word' id='word_1_59' title='bbox 488 1367 594 1446; x_wconf 81' lang='lat' dir='ltr'><strong>mitra,</strong></span> <span class='ocrx_word' id='word_1_60' title='bbox 620 1376 711 1425; x_wconf 87' lang='lat' dir='ltr'><strong>stans</strong></span> <span class='ocrx_word' id='word_1_61' title='bbox 735 1380 854 1425; x_wconf 79' lang='lat' dir='ltr'><strong>uersus</strong></span> <span class='ocrx_word' id='word_1_62' title='bbox 879 1362 921 1424; x_wconf 91' lang='lat' dir='ltr'><strong>ad</strong></span> <span class='ocrx_word' id='word_1_63' title='bbox 945 1363 1058 1445; x_wconf 83' lang='lat' dir='ltr'><strong>altare,</strong></span> <span class='ocrx_word' id='word_1_64' title='bbox 1082 1361 1173 1424; x_wconf 86' lang='lat' dir='ltr'><strong>dicit:</strong></span> 
     </span>
    </p>
   </div>
   <div class='ocr_carea' id='block_1_5' title="bbox 678 1461 874 1545">
    <p class='ocr_par' dir='ltr' id='par_1_7' title="bbox 678 1461 874 1545">
     <span class='ocr_line' id='line_1_11' title="bbox 678 1461 874 1545; baseline 0 -2"><span class='ocrx_word' id='word_1_65' title='bbox 678 1461 874 1545; x_wconf 70' lang='lat' dir='ltr'><strong>Oremus.</strong></span> 
     </span>
    </p>
   </div>
   <div class='ocr_carea' id='block_1_6' title="bbox 10 1560 1427 3438">
    <p class='ocr_par' dir='ltr' id='par_1_8' title="bbox 10 1560 1422 2192">
     <span class='ocr_line' id='line_1_12' title="bbox 116 1560 1422 1751; baseline -0.001 -100"><span class='ocrx_word' id='word_1_66' title='bbox 116 1560 279 1751; x_wconf 80' lang='lat' dir='ltr'><strong>Deus,</strong></span> <span class='ocrx_word' id='word_1_67' title='bbox 294 1566 370 1673; x_wconf 94' lang='lat' dir='ltr'><strong>qui</strong></span> <span class='ocrx_word' id='word_1_68' title='bbox 387 1566 434 1649; x_wconf 94' lang='lat' dir='ltr'><strong>in</strong></span> <span class='ocrx_word' id='word_1_69' title='bbox 452 1564 572 1649; x_wconf 93' lang='lat' dir='ltr'><strong>omni</strong></span> <span class='ocrx_word' id='word_1_70' title='bbox 590 1563 691 1648; x_wconf 90' lang='lat' dir='ltr'><strong>loco</strong></span> <span class='ocrx_word' id='word_1_71' title='bbox 712 1564 1028 1650; x_wconf 81' lang='lat' dir='ltr'><strong>dominatioms</strong></span> <span class='ocrx_word' id='word_1_72' title='bbox 1047 1574 1136 1649; x_wconf 87' lang='lat' dir='ltr'><strong>tuae</strong></span> <span class='ocrx_word' id='word_1_73' title='bbox 1156 1564 1350 1649; x_wconf 86' lang='lat' dir='ltr'><strong>clemens</strong></span> <span class='ocrx_word' id='word_1_74' title='bbox 1370 1591 1422 1650; x_wconf 87' lang='lat' dir='ltr'><strong>ac</strong></span> 
     </span>
     <span class='ocr_line' id='line_1_13' title="bbox 211 1667 1422 1776; baseline -0.004 -20"><span class='ocrx_word' id='word_1_75' title='bbox 211 1671 426 1776; x_wconf 84' lang='lat' dir='ltr'><strong>benignus</strong></span> <span class='ocrx_word' id='word_1_76' title='bbox 437 1668 669 1755; x_wconf 60' lang='lat' dir='ltr'><strong>dedicator</strong></span> <span class='ocrx_word' id='word_1_77' title='bbox 683 1670 865 1769; x_wconf 88' lang='lat' dir='ltr'><strong>assistis,</strong></span> <span class='ocrx_word' id='word_1_78' title='bbox 877 1667 1038 1752; x_wconf 68' lang='lat' dir='ltr'><strong>extrudi</strong></span> <span class='ocrx_word' id='word_1_79' title='bbox 1052 1694 1145 1767; x_wconf 88' lang='lat' dir='ltr'><strong>nos,</strong></span> <span class='ocrx_word' id='word_1_80' title='bbox 1157 1673 1422 1772; x_wconf 76' lang='lat' dir='ltr'><strong>quaesumus,</strong></span> 
     </span>
     <span class='ocr_line' id='line_1_14' title="bbox 122 1771 1422 1893; baseline -0.005 -34"><span class='ocrx_word' id='word_1_81' title='bbox 122 1783 175 1860; x_wconf 86' lang='lat' dir='ltr'><strong>et</strong></span> <span class='ocrx_word' id='word_1_82' title='bbox 192 1773 399 1874; x_wconf 77' lang='lat' dir='ltr'><strong>concede,</strong></span> <span class='ocrx_word' id='word_1_83' title='bbox 421 1783 471 1857; x_wconf 92' lang='lat' dir='ltr'><strong>ut</strong></span> <span class='ocrx_word' id='word_1_84' title='bbox 494 1771 760 1856; x_wconf 61' lang='lat' dir='ltr'><strong>inviolabilis</strong></span> <span class='ocrx_word' id='word_1_85' title='bbox 784 1776 1043 1878; x_wconf 61' lang='lat' dir='ltr'><strong>permaneat</strong></span> <span class='ocrx_word' id='word_1_86' title='bbox 1065 1771 1191 1893; x_wconf 84' lang='lat' dir='ltr'><strong>hujus</strong></span> <span class='ocrx_word' id='word_1_87' title='bbox 1211 1771 1297 1855; x_wconf 92' lang='lat' dir='ltr'><strong>loci</strong></span> <span class='ocrx_word' id='word_1_88' title='bbox 1320 1797 1422 1855; x_wconf 91' lang='lat' dir='ltr'><strong>con-</strong></span> 
     </span>
     <span class='ocr_line' id='line_1_15' title="bbox 121 1874 1421 1981; baseline -0.005 -19"><span class='ocrx_word' id='word_1_89' title='bbox 121 1879 335 1981; x_wconf 65' lang='lat' dir='ltr'><strong>secrAtim</strong></span> <span class='ocrx_word' id='word_1_90' title='bbox 349 1887 394 1962; x_wconf 87' lang='lat' dir='ltr'><strong>et</strong></span> <span class='ocrx_word' id='word_1_91' title='bbox 407 1875 624 1961; x_wconf 84' lang='lat' dir='ltr'><strong>beneficia</strong></span> <span class='ocrx_word' id='word_1_92' title='bbox 638 1878 703 1959; x_wconf 90' lang='lat' dir='ltr'><strong>tui</strong></span> <span class='ocrx_word' id='word_1_93' title='bbox 721 1875 926 1974; x_wconf 82' lang='lat' dir='ltr'><strong>muneris,</strong></span> <span class='ocrx_word' id='word_1_94' title='bbox 940 1875 1205 1958; x_wconf 76' lang='lat' dir='ltr'><strong>universrtas</strong></span> <span class='ocrx_word' id='word_1_95' title='bbox 1223 1874 1421 1958; x_wconf 75' lang='lat' dir='ltr'><strong>fidelium</strong></span> 
     </span>
     <span class='ocr_line' id='line_1_16' title="bbox 10 1977 1422 2170; baseline -0.005 -103"><span class='ocrx_word' id='word_1_96' title='bbox 10 1986 14 2081; x_wconf 73' lang='grc' dir='ltr'>ἱ</span> <span class='ocrx_word' id='word_1_97' title='bbox 121 2007 226 2170; x_wconf 51' lang='grc' dir='ltr'><strong>ῧιιω</strong></span> <span class='ocrx_word' id='word_1_98' title='bbox 241 1981 325 2066; x_wconf 89' lang='lat' dir='ltr'><strong>tibi</strong></span> <span class='ocrx_word' id='word_1_99' title='bbox 338 1979 572 2086; x_wconf 84' lang='lat' dir='ltr'><strong>supplicat,</strong></span> <span class='ocrx_word' id='word_1_100' title='bbox 590 1983 821 2086; x_wconf 85' lang='lat' dir='ltr'><strong>percipere</strong></span> <span class='ocrx_word' id='word_1_101' title='bbox 835 1982 1068 2062; x_wconf 62' lang='lat' dir='ltr'><strong>mereatur.</strong></span> <span class='ocrx_word' id='word_1_102' title='bbox 1094 1978 1181 2061; x_wconf 87' lang='lat' dir='ltr'><strong>Per</strong></span> <span class='ocrx_word' id='word_1_103' title='bbox 1198 1977 1422 2061; x_wconf 84' lang='lat' dir='ltr'><strong>Christum</strong></span> 
     </span>
     <span class='ocr_line' id='line_1_17' title="bbox 10 2082 844 2192; baseline -0.007 -22"><span class='ocrx_word' id='word_1_104' title='bbox 10 2092 12 2097; x_wconf 83' lang='grc'><strong>’</strong></span> <span class='ocrx_word' id='word_1_105' title='bbox 171 2086 364 2169; x_wconf 84' lang='lat' dir='ltr'><strong>ominum</strong></span> <span class='ocrx_word' id='word_1_106' title='bbox 384 2092 595 2168; x_wconf 73' lang='lat' dir='ltr'><strong>nostrum,</strong></span> <span class='ocrx_word' id='word_1_107' title='bbox 623 2090 674 2192; x_wconf 60' lang='lat' dir='ltr'><strong>ll.</strong></span> <span class='ocrx_word' id='word_1_108' title='bbox 690 2082 844 2166; x_wconf 86' lang='lat' dir='ltr'><strong>Amen.</strong></span> 
     </span>
    </p>

    <p class='ocr_par' dir='ltr' id='par_1_9' title="bbox 122 2210 1424 2582">
     <span class='ocr_line' id='line_1_18' title="bbox 204 2210 1423 2296; baseline -0.002 -23"><span class='ocrx_word' id='word_1_109' title='bbox 204 2210 247 2273; x_wconf 78' lang='lat' dir='ltr'><strong>m</strong></span> <span class='ocrx_word' id='word_1_110' title='bbox 276 2228 357 2274; x_wconf 85' lang='lat' dir='ltr'><strong>mox</strong></span> <span class='ocrx_word' id='word_1_111' title='bbox 387 2212 557 2293; x_wconf 74' lang='lat' dir='ltr'><strong>Pontifex,</strong></span> <span class='ocrx_word' id='word_1_112' title='bbox 588 2223 724 2293; x_wconf 85' lang='lat' dir='ltr'><strong>accepta</strong></span> <span class='ocrx_word' id='word_1_113' title='bbox 754 2215 866 2295; x_wconf 61' lang='lat' dir='ltr'><strong>mitra5</strong></span> <span class='ocrx_word' id='word_1_114' title='bbox 896 2216 1004 2296; x_wconf 75' lang='lat' dir='ltr'><strong>signat</strong></span> <span class='ocrx_word' id='word_1_115' title='bbox 1033 2234 1109 2277; x_wconf 89' lang='lat' dir='ltr'><strong>cum</strong></span> <span class='ocrx_word' id='word_1_116' title='bbox 1130 2214 1253 2295; x_wconf 86' lang='lat' dir='ltr'><strong>pollice</strong></span> <span class='ocrx_word' id='word_1_117' title='bbox 1278 2211 1423 2273; x_wconf 77' lang='lat' dir='ltr'><strong>denterte</strong></span> 
     </span>
     <span class='ocr_line' id='line_1_19' title="bbox 123 2306 1424 2394; baseline -0.002 -27"><span class='ocrx_word' id='word_1_118' title='bbox 123 2323 244 2369; x_wconf 85' lang='lat' dir='ltr'><strong>manus</strong></span> <span class='ocrx_word' id='word_1_119' title='bbox 275 2307 316 2368; x_wconf 86' lang='lat' dir='ltr'><strong>de</strong></span> <span class='ocrx_word' id='word_1_120' title='bbox 339 2306 527 2372; x_wconf 86' lang='lat' dir='ltr'><strong>Chrismate</strong></span> <span class='ocrx_word' id='word_1_121' title='bbox 552 2308 813 2394; x_wconf 82' lang='lat' dir='ltr'><strong>confessionem,</strong></span> <span class='ocrx_word' id='word_1_122' title='bbox 842 2311 877 2372; x_wconf 90' lang='lat' dir='ltr'><strong>id</strong></span> <span class='ocrx_word' id='word_1_123' title='bbox 898 2320 964 2389; x_wconf 77' lang='lat' dir='ltr'><strong>est,</strong></span> <span class='ocrx_word' id='word_1_124' title='bbox 993 2310 1207 2391; x_wconf 81' lang='lat' dir='ltr'>sepulchrum</span> <span class='ocrx_word' id='word_1_125' title='bbox 1233 2307 1363 2388; x_wconf 63' lang='lat' dir='ltr'><strong>altam,</strong></span> <span class='ocrx_word' id='word_1_126' title='bbox 1392 2307 1424 2366; x_wconf 88' lang='lat' dir='ltr'><strong>in</strong></span> 
     </span>
     <span class='ocr_line' id='line_1_20' title="bbox 124 2400 1423 2488; baseline -0.002 -25"><span class='ocrx_word' id='word_1_127' title='bbox 124 2417 193 2481; x_wconf 92' lang='lat' dir='ltr'><strong>quo</strong></span> <span class='ocrx_word' id='word_1_128' title='bbox 216 2400 382 2481; x_wconf 83' lang='lat' dir='ltr'><strong>Reliquiae</strong></span> <span class='ocrx_word' id='word_1_129' title='bbox 406 2416 482 2468; x_wconf 87' lang='lat' dir='ltr'><strong>sunt</strong></span> <span class='ocrx_word' id='word_1_130' title='bbox 504 2405 720 2488; x_wconf 70' lang='lat' dir='ltr'><strong>reponendae,</strong></span> <span class='ocrx_word' id='word_1_131' title='bbox 748 2407 781 2467; x_wconf 92' lang='lat' dir='ltr'><strong>in</strong></span> <span class='ocrx_word' id='word_1_132' title='bbox 806 2415 948 2485; x_wconf 88' lang='lat' dir='ltr'><strong>quatuor</strong></span> <span class='ocrx_word' id='word_1_133' title='bbox 971 2408 1117 2485; x_wconf 74' lang='lat' dir='ltr'><strong>angulis3</strong></span> <span class='ocrx_word' id='word_1_134' title='bbox 1145 2404 1272 2466; x_wconf 83' lang='lat' dir='ltr'><strong>faciens</strong></span> <span class='ocrx_word' id='word_1_135' title='bbox 1301 2404 1334 2463; x_wconf 90' lang='lat' dir='ltr'><strong>in</strong></span> <span class='ocrx_word' id='word_1_136' title='bbox 1359 2402 1423 2463; x_wconf 90' lang='lat' dir='ltr'><strong>sin-</strong></span> 
     </span>
     <span class='ocr_line' id='line_1_21' title="bbox 122 2497 1387 2582; baseline -0.002 -23"><span class='ocrx_word' id='word_1_137' title='bbox 122 2497 216 2579; x_wconf 83' lang='lat' dir='ltr'><strong>gulis</strong></span> <span class='ocrx_word' id='word_1_138' title='bbox 239 2499 372 2578; x_wconf 82' lang='lat' dir='ltr'><strong>signum</strong></span> <span class='ocrx_word' id='word_1_139' title='bbox 396 2502 515 2581; x_wconf 88' lang='lat' dir='ltr'><strong>crucis,</strong></span> <span class='ocrx_word' id='word_1_140' title='bbox 539 2499 718 2581; x_wconf 70' lang='lat' dir='ltr'><strong>adluens,</strong></span> <span class='ocrx_word' id='word_1_141' title='bbox 743 2501 822 2565; x_wconf 91' lang='lat' dir='ltr'><strong>dum</strong></span> <span class='ocrx_word' id='word_1_142' title='bbox 845 2520 1113 2582; x_wconf 81' lang='lat' dir='ltr'>unamquamque</span> <span class='ocrx_word' id='word_1_143' title='bbox 1138 2517 1271 2562; x_wconf 88' lang='lat' dir='ltr'><strong>erucem</strong></span> <span class='ocrx_word' id='word_1_144' title='bbox 1294 2497 1387 2559; x_wconf 80' lang='lat' dir='ltr'><strong>facit:</strong></span> 
     </span>
    </p>

    <p class='ocr_par' dir='ltr' id='par_1_10' title="bbox 182 2599 1422 2700">
     <span class='ocr_line' id='line_1_22' title="bbox 182 2599 1422 2700; baseline -0.004 -14"><span class='ocrx_word' id='word_1_145' title='bbox 182 2625 293 2686; x_wconf 90' lang='lat' dir='ltr'><strong>onse</strong></span> <span class='ocrx_word' id='word_1_146' title='bbox 312 2609 352 2688; x_wconf 82' lang='lat'><strong>›1‹</strong></span> <span class='ocrx_word' id='word_1_147' title='bbox 366 2603 526 2700; x_wconf 71' lang='lat' dir='ltr'><strong>cretur,</strong></span> <span class='ocrx_word' id='word_1_148' title='bbox 551 2608 595 2684; x_wconf 88' lang='lat' dir='ltr'><strong>et</strong></span> <span class='ocrx_word' id='word_1_149' title='bbox 618 2601 760 2685; x_wconf 86' lang='lat' dir='ltr'><strong>sancti</strong></span> <span class='ocrx_word' id='word_1_150' title='bbox 787 2612 826 2691; x_wconf 76' lang='lat' dir='ltr'><strong>›l‹</strong></span> <span class='ocrx_word' id='word_1_151' title='bbox 845 2602 1002 2686; x_wconf 79' lang='lat' dir='ltr'><strong>ficetur</strong></span> <span class='ocrx_word' id='word_1_152' title='bbox 1022 2599 1109 2684; x_wconf 92' lang='lat' dir='ltr'><strong>hoc</strong></span> <span class='ocrx_word' id='word_1_153' title='bbox 1128 2626 1176 2684; x_wconf 90' lang='lat' dir='ltr'><strong>se</strong></span> <span class='ocrx_word' id='word_1_154' title='bbox 1210 2599 1422 2684; x_wconf 85' lang='lat' dir='ltr'><strong>ulchrum.</strong></span> 
     </span>
    </p>

    <p class='ocr_par' dir='ltr' id='par_1_11' title="bbox 120 2704 1425 2895">
     <span class='ocr_line' id='line_1_23' title="bbox 221 2704 1425 2811; baseline 0.001 -23"><span class='ocrx_word' id='word_1_155' title='bbox 221 2705 276 2788; x_wconf 93' lang='lat' dir='ltr'><strong>In</strong></span> <span class='ocrx_word' id='word_1_156' title='bbox 305 2706 482 2788; x_wconf 80' lang='lat' dir='ltr'><strong>nomine</strong></span> <span class='ocrx_word' id='word_1_157' title='bbox 508 2704 573 2787; x_wconf 84' lang='lat' dir='ltr'><strong>Pa</strong></span> <span class='ocrx_word' id='word_1_158' title='bbox 602 2713 641 2792; x_wconf 70' lang='lat'><strong>›1‹</strong></span> <span class='ocrx_word' id='word_1_159' title='bbox 661 2705 757 2806; x_wconf 89' lang='lat' dir='ltr'><strong>tris,</strong></span> <span class='ocrx_word' id='word_1_160' title='bbox 791 2714 836 2789; x_wconf 89' lang='lat' dir='ltr'><strong>et</strong></span> <span class='ocrx_word' id='word_1_161' title='bbox 862 2705 914 2787; x_wconf 89' lang='lat' dir='ltr'><strong>Fi</strong></span> <span class='ocrx_word' id='word_1_162' title='bbox 939 2717 978 2796; x_wconf 76' lang='lat' dir='ltr'><strong>›l‹</strong></span> <span class='ocrx_word' id='word_1_163' title='bbox 1003 2705 1067 2806; x_wconf 84' lang='lat' dir='ltr'><strong>lii,</strong></span> <span class='ocrx_word' id='word_1_164' title='bbox 1095 2713 1140 2788; x_wconf 89' lang='lat' dir='ltr'><strong>et</strong></span> <span class='ocrx_word' id='word_1_165' title='bbox 1198 2706 1357 2811; x_wconf 82' lang='lat' dir='ltr'><strong>pinitus</strong></span> <span class='ocrx_word' id='word_1_166' title='bbox 1385 2710 1425 2789; x_wconf 68' lang='lat'><strong>*1⁴</strong></span> 
     </span>
     <span class='ocr_line' id='line_1_24' title="bbox 120 2806 700 2895; baseline -0.01 0"><span class='ocrx_word' id='word_1_167' title='bbox 120 2807 279 2895; x_wconf 83' lang='lat' dir='ltr'><strong>sancti.</strong></span> <span class='ocrx_word' id='word_1_168' title='bbox 304 2807 399 2891; x_wconf 85' lang='lat' dir='ltr'><strong>Pax</strong></span> <span class='ocrx_word' id='word_1_169' title='bbox 416 2806 519 2891; x_wconf 93' lang='lat' dir='ltr'><strong>huic</strong></span> <span class='ocrx_word' id='word_1_170' title='bbox 538 2807 700 2891; x_wconf 82' lang='lat' dir='ltr'><strong>domui.</strong></span> 
     </span>
    </p>

    <p class='ocr_par' dir='ltr' id='par_1_12' title="bbox 117 2930 1426 3209">
     <span class='ocr_line' id='line_1_25' title="bbox 207 2930 1426 3020; baseline -0.006 -25"><span class='ocrx_word' id='word_1_171' title='bbox 207 2932 346 3016; x_wconf 86' lang='lat' dir='ltr'><strong>Deinde,</strong></span> <span class='ocrx_word' id='word_1_172' title='bbox 372 2933 524 3015; x_wconf 84' lang='lat' dir='ltr'><strong>deposita</strong></span> <span class='ocrx_word' id='word_1_173' title='bbox 545 2938 651 3020; x_wconf 64' lang='lat' dir='ltr'><strong>mitra,</strong></span> <span class='ocrx_word' id='word_1_174' title='bbox 675 2933 825 2998; x_wconf 81' lang='lat' dir='ltr'><strong>recondit</strong></span> <span class='ocrx_word' id='word_1_175' title='bbox 847 2931 892 2994; x_wconf 91' lang='lat' dir='ltr'><strong>ibi</strong></span> <span class='ocrx_word' id='word_1_176' title='bbox 914 2932 1090 2994; x_wconf 75' lang='lat' dir='ltr'>vasculum</span> <span class='ocrx_word' id='word_1_177' title='bbox 1114 2950 1189 2994; x_wconf 90' lang='lat' dir='ltr'><strong>eum</strong></span> <span class='ocrx_word' id='word_1_178' title='bbox 1207 2930 1372 3008; x_wconf 76' lang='lat' dir='ltr'><strong>&#39;l&#39;leliquiis</strong></span> <span class='ocrx_word' id='word_1_179' title='bbox 1396 2936 1426 2989; x_wconf 86' lang='lat' dir='ltr'><strong>et</strong></span> 
     </span>
     <span class='ocr_line' id='line_1_26' title="bbox 120 3027 1425 3112; baseline -0.008 -17"><span class='ocrx_word' id='word_1_180' title='bbox 120 3030 202 3095; x_wconf 85' lang='lat' dir='ltr'><strong>aliis</strong></span> <span class='ocrx_word' id='word_1_181' title='bbox 225 3030 260 3091; x_wconf 91' lang='lat' dir='ltr'><strong>in</strong></span> <span class='ocrx_word' id='word_1_182' title='bbox 283 3045 323 3092; x_wconf 89' lang='lat' dir='ltr'><strong>eo</strong></span> <span class='ocrx_word' id='word_1_183' title='bbox 347 3031 486 3093; x_wconf 79' lang='lat' dir='ltr'><strong>inclusis</strong></span> <span class='ocrx_word' id='word_1_184' title='bbox 512 3042 714 3112; x_wconf 73' lang='lat' dir='ltr'><strong>veneranter,</strong></span> <span class='ocrx_word' id='word_1_185' title='bbox 739 3030 915 3108; x_wconf 59' lang='lat' dir='ltr'><strong>inchoans</strong></span> <span class='ocrx_word' id='word_1_186' title='bbox 944 3027 1060 3089; x_wconf 81' lang='lat' dir='ltr'><strong>schola</strong></span> <span class='ocrx_word' id='word_1_187' title='bbox 1085 3045 1143 3089; x_wconf 89' lang='lat' dir='ltr'><strong>seu</strong></span> <span class='ocrx_word' id='word_1_188' title='bbox 1168 3027 1326 3087; x_wconf 79' lang='lat' dir='ltr'><strong>ministris</strong></span> <span class='ocrx_word' id='word_1_189' title='bbox 1351 3040 1425 3104; x_wconf 88' lang='lat' dir='ltr'><strong>pro-</strong></span> 
     </span>
     <span class='ocr_line' id='line_1_27' title="bbox 117 3122 1040 3209; baseline -0.002 -17"><span class='ocrx_word' id='word_1_190' title='bbox 117 3122 353 3208; x_wconf 59' lang='lat' dir='ltr'><strong>sequentibus</strong></span> <span class='ocrx_word' id='word_1_191' title='bbox 374 3124 601 3208; x_wconf 82' lang='lat' dir='ltr'><strong>Antiphonam</strong></span> <span class='ocrx_word' id='word_1_192' title='bbox 625 3130 713 3204; x_wconf 82' lang='lat' dir='ltr'><strong>(cum</strong></span> <span class='ocrx_word' id='word_1_193' title='bbox 739 3135 847 3209; x_wconf 84' lang='lat' dir='ltr'><strong>cantu,</strong></span> <span class='ocrx_word' id='word_1_194' title='bbox 870 3143 946 3206; x_wconf 84' lang='lat' dir='ltr'><strong>pag.</strong></span> <span class='ocrx_word' id='word_1_195' title='bbox 957 3123 999 3190; x_wconf 83' lang='lat'><strong>59</strong></span> <span class='ocrx_word' id='word_1_196' title='bbox 1017 3122 1040 3199; x_wconf 87' lang='lat'><strong>):</strong></span> 
     </span>
    </p>

    <p class='ocr_par' dir='ltr' id='par_1_13' title="bbox 10 3222 1427 3438">
     <span class='ocr_line' id='line_1_28' title="bbox 113 3222 1425 3415; baseline -0.006 -100"><span class='ocrx_word' id='word_1_197' title='bbox 113 3222 246 3415; x_wconf 80' lang='lat' dir='ltr'><strong>Sub</strong></span> <span class='ocrx_word' id='word_1_198' title='bbox 273 3230 412 3314; x_wconf 71' lang='lat' dir='ltr'><strong>altine</strong></span> <span class='ocrx_word' id='word_1_199' title='bbox 438 3227 523 3311; x_wconf 87' lang='lat' dir='ltr'><strong>Dei</strong></span> <span class='ocrx_word' id='word_1_200' title='bbox 550 3226 679 3310; x_wconf 89' lang='lat' dir='ltr'><strong>sedes</strong></span> <span class='ocrx_word' id='word_1_201' title='bbox 708 3225 960 3332; x_wconf 85' lang='lat' dir='ltr'><strong>accepistis,</strong></span> <span class='ocrx_word' id='word_1_202' title='bbox 987 3225 1140 3309; x_wconf 88' lang='lat' dir='ltr'><strong>Sancti</strong></span> <span class='ocrx_word' id='word_1_203' title='bbox 1166 3226 1267 3325; x_wconf 82' lang='lat' dir='ltr'><strong>Dei,</strong></span> <span class='ocrx_word' id='word_1_204' title='bbox 1294 3227 1425 3310; x_wconf 89' lang='lat' dir='ltr'><strong>inter-</strong></span> 
     </span>
     <span class='ocr_line' id='line_1_29' title="bbox 10 3328 1427 3438; baseline -0.008 -15"><span class='ocrx_word' id='word_1_205' title='bbox 10 3376 15 3423; x_wconf 86' lang='lat'><strong>:</strong></span> <span class='ocrx_word' id='word_1_206' title='bbox 225 3333 371 3418; x_wconf 75' lang='lat' dir='ltr'><strong>cedite</strong></span> <span class='ocrx_word' id='word_1_207' title='bbox 397 3357 480 3438; x_wconf 88' lang='lat' dir='ltr'><strong>pro</strong></span> <span class='ocrx_word' id='word_1_208' title='bbox 508 3330 637 3415; x_wconf 90' lang='lat' dir='ltr'><strong>nobis</strong></span> <span class='ocrx_word' id='word_1_209' title='bbox 664 3329 722 3413; x_wconf 86' lang='lat' dir='ltr'><strong>ad</strong></span> <span class='ocrx_word' id='word_1_210' title='bbox 751 3330 992 3414; x_wconf 81' lang='lat' dir='ltr'><strong>Dominum</strong></span> <span class='ocrx_word' id='word_1_211' title='bbox 1015 3330 1040 3412; x_wconf 90' lang='lat' dir='ltr'><strong>J</strong></span> <span class='ocrx_word' id='word_1_212' title='bbox 1042 3355 1166 3413; x_wconf 87' lang='lat' dir='ltr'><strong>esum</strong></span> <span class='ocrx_word' id='word_1_213' title='bbox 1193 3328 1427 3414; x_wconf 90' lang='lat' dir='ltr'><strong>Christum.</strong></span> 
     </span>
    </p>
   </div>
   <div class='ocr_carea' id='block_1_7' title="bbox 205 3442 1058 3661">
    <p class='ocr_par' dir='ltr' id='par_1_14' title="bbox 205 3442 1058 3661">
     <span class='ocr_line' id='line_1_30' title="bbox 206 3442 1021 3573; baseline -0.004 -36"><span class='ocrx_word' id='word_1_214' title='bbox 206 3442 259 3549; x_wconf 62' lang='lat' dir='ltr'><strong>lli.</strong></span> <span class='ocrx_word' id='word_1_215' title='bbox 285 3452 584 3538; x_wconf 73' lang='lat' dir='ltr'><strong>Exsultibunt</strong></span> <span class='ocrx_word' id='word_1_216' title='bbox 602 3451 752 3573; x_wconf 80' lang='lat' dir='ltr'><strong>Sancti</strong></span> <span class='ocrx_word' id='word_1_217' title='bbox 768 3450 814 3534; x_wconf 93' lang='lat' dir='ltr'><strong>in</strong></span> <span class='ocrx_word' id='word_1_218' title='bbox 830 3451 983 3573; x_wconf 81' lang='lat' dir='ltr'><strong>gloria.</strong></span> <span class='ocrx_word' id='word_1_219' title='bbox 1012 3553 1021 3572; x_wconf 26' lang='grc' dir='ltr'>ι</span> 
     </span>
     <span class='ocr_line' id='line_1_31' title="bbox 205 3553 1058 3661; baseline -0.009 -19"><span class='ocrx_word' id='word_1_220' title='bbox 205 3558 260 3661; x_wconf 66' lang='lat' dir='ltr'><strong>Re.</strong></span> <span class='ocrx_word' id='word_1_221' title='bbox 286 3558 345 3642; x_wconf 90' lang='lat' dir='ltr'><strong>Et</strong></span> <span class='ocrx_word' id='word_1_222' title='bbox 365 3556 635 3641; x_wconf 84' lang='lat' dir='ltr'><strong>laetabuntur</strong></span> <span class='ocrx_word' id='word_1_223' title='bbox 653 3582 698 3637; x_wconf 93' lang='lat' dir='ltr'><strong>1n</strong></span> <span class='ocrx_word' id='word_1_224' title='bbox 720 3553 939 3640; x_wconf 87' lang='lat' dir='ltr'><strong>cubihbus</strong></span> <span class='ocrx_word' id='word_1_225' title='bbox 957 3580 1058 3637; x_wconf 90' lang='lat' dir='ltr'><strong>surs.</strong></span> 
     </span>
    </p>
   </div>
   <div class='ocr_carea' id='block_1_8' title="bbox 10 3693 1434 4687">
    <p class='ocr_par' dir='ltr' id='par_1_15' title="bbox 114 3693 1430 4263">
     <span class='ocr_line' id='line_1_32' title="bbox 208 3693 1427 3782; baseline -0.007 -19"><span class='ocrx_word' id='word_1_226' title='bbox 208 3700 253 3763; x_wconf 89' lang='lat' dir='ltr'><strong>Et</strong></span> <span class='ocrx_word' id='word_1_227' title='bbox 274 3716 342 3762; x_wconf 89' lang='lat' dir='ltr'><strong>non</strong></span> <span class='ocrx_word' id='word_1_228' title='bbox 365 3696 487 3763; x_wconf 86' lang='lat' dir='ltr'><strong>dicitur</strong></span> <span class='ocrx_word' id='word_1_229' title='bbox 505 3697 624 3764; x_wconf 76' lang='lat' dir='ltr'><strong>Gloria</strong></span> <span class='ocrx_word' id='word_1_230' title='bbox 644 3698 751 3782; x_wconf 87' lang='lat' dir='ltr'><strong>Patri,</strong></span> <span class='ocrx_word' id='word_1_231' title='bbox 787 3697 847 3760; x_wconf 87' lang='lat' dir='ltr'><strong>sed</strong></span> <span class='ocrx_word' id='word_1_232' title='bbox 870 3699 1028 3780; x_wconf 89' lang='lat' dir='ltr'><strong>repetitur</strong></span> <span class='ocrx_word' id='word_1_233' title='bbox 1048 3698 1250 3779; x_wconf 84' lang='lat' dir='ltr'><strong>Antiphona.</strong></span> <span class='ocrx_word' id='word_1_234' title='bbox 1293 3693 1427 3757; x_wconf 83' lang='lat' dir='ltr'><strong>Interim</strong></span> 
     </span>
     <span class='ocr_line' id='line_1_33' title="bbox 116 3791 1430 3878; baseline -0.011 -15"><span class='ocrx_word' id='word_1_235' title='bbox 116 3798 211 3863; x_wconf 92' lang='lat' dir='ltr'><strong>dum</strong></span> <span class='ocrx_word' id='word_1_236' title='bbox 239 3794 415 3878; x_wconf 74' lang='lat' dir='ltr'><strong>praemissa</strong></span> <span class='ocrx_word' id='word_1_237' title='bbox 444 3794 613 3875; x_wconf 84' lang='lat' dir='ltr'><strong>dicuntur,</strong></span> <span class='ocrx_word' id='word_1_238' title='bbox 644 3791 801 3857; x_wconf 79' lang='lat' dir='ltr'><strong>Pontifex</strong></span> <span class='ocrx_word' id='word_1_239' title='bbox 829 3804 921 3858; x_wconf 86' lang='lat' dir='ltr'><strong>stans</strong></span> <span class='ocrx_word' id='word_1_240' title='bbox 951 3795 1022 3857; x_wconf 91' lang='lat' dir='ltr'><strong>sine</strong></span> <span class='ocrx_word' id='word_1_241' title='bbox 1054 3797 1167 3877; x_wconf 73' lang='lat' dir='ltr'><strong>mitra,</strong></span> <span class='ocrx_word' id='word_1_242' title='bbox 1196 3792 1370 3873; x_wconf 71' lang='lat' dir='ltr'><strong>imposito,</strong></span> <span class='ocrx_word' id='word_1_243' title='bbox 1400 3797 1430 3849; x_wconf 88' lang='lat' dir='ltr'><strong>ct</strong></span> 
     </span>
     <span class='ocr_line' id='line_1_34' title="bbox 114 3882 1430 3971; baseline -0.011 -14"><span class='ocrx_word' id='word_1_244' title='bbox 114 3890 305 3958; x_wconf 83' lang='lat' dir='ltr'><strong>benedicto</strong></span> <span class='ocrx_word' id='word_1_245' title='bbox 326 3891 462 3953; x_wconf 87' lang='lat' dir='ltr'><strong>incenso</strong></span> <span class='ocrx_word' id='word_1_246' title='bbox 486 3890 520 3951; x_wconf 91' lang='lat' dir='ltr'><strong>in</strong></span> <span class='ocrx_word' id='word_1_247' title='bbox 543 3887 723 3971; x_wconf 89' lang='lat' dir='ltr'><strong>thuribulo,</strong></span> <span class='ocrx_word' id='word_1_248' title='bbox 748 3899 779 3953; x_wconf 84' lang='lat' dir='ltr'><strong>et</strong></span> <span class='ocrx_word' id='word_1_249' title='bbox 798 3891 857 3954; x_wconf 90' lang='lat' dir='ltr'><strong>illo</strong></span> <span class='ocrx_word' id='word_1_250' title='bbox 881 3891 1069 3954; x_wconf 87' lang='lat' dir='ltr'><strong>aDiacono</strong></span> <span class='ocrx_word' id='word_1_251' title='bbox 1091 3900 1239 3971; x_wconf 82' lang='lat' dir='ltr'><strong>accepts,</strong></span> <span class='ocrx_word' id='word_1_252' title='bbox 1262 3882 1430 3948; x_wconf 85' lang='lat' dir='ltr'><strong>thurificat</strong></span> 
     </span>
     <span class='ocr_line' id='line_1_35' title="bbox 115 3980 1429 4068; baseline -0.011 -15"><span class='ocrx_word' id='word_1_253' title='bbox 115 3987 306 4068; x_wconf 84' lang='lat' dir='ltr'><strong>Reliquias</strong></span> <span class='ocrx_word' id='word_1_254' title='bbox 329 3986 491 4048; x_wconf 84' lang='lat' dir='ltr'><strong>inclusas:</strong></span> <span class='ocrx_word' id='word_1_255' title='bbox 522 4001 588 4064; x_wconf 92' lang='lat' dir='ltr'><strong>quo</strong></span> <span class='ocrx_word' id='word_1_256' title='bbox 618 3982 725 4067; x_wconf 82' lang='lat' dir='ltr'><strong>facto,</strong></span> <span class='ocrx_word' id='word_1_257' title='bbox 751 3987 909 4068; x_wconf 84' lang='lat' dir='ltr'><strong>imposita</strong></span> <span class='ocrx_word' id='word_1_258' title='bbox 933 3986 995 4050; x_wconf 88' lang='lat' dir='ltr'><strong>sibi</strong></span> <span class='ocrx_word' id='word_1_259' title='bbox 1015 3987 1129 4068; x_wconf 84' lang='lat' dir='ltr'><strong>mitra,</strong></span> <span class='ocrx_word' id='word_1_260' title='bbox 1159 3984 1325 4063; x_wconf 86' lang='lat' dir='ltr'><strong>accipiens</strong></span> <span class='ocrx_word' id='word_1_261' title='bbox 1347 3980 1429 4059; x_wconf 85' lang='lat' dir='ltr'><strong>lapi-</strong></span> 
     </span>
     <span class='ocr_line' id='line_1_36' title="bbox 122 4077 1430 4166; baseline -0.011 -18"><span class='ocrx_word' id='word_1_262' title='bbox 122 4085 225 4166; x_wconf 87' lang='lat' dir='ltr'><strong>dem,</strong></span> <span class='ocrx_word' id='word_1_263' title='bbox 255 4099 315 4145; x_wconf 91' lang='lat' dir='ltr'><strong>seu</strong></span> <span class='ocrx_word' id='word_1_264' title='bbox 338 4080 501 4163; x_wconf 86' lang='lat' dir='ltr'><strong>tabulam,</strong></span> <span class='ocrx_word' id='word_1_265' title='bbox 530 4098 606 4143; x_wconf 88' lang='lat' dir='ltr'><strong>eum</strong></span> <span class='ocrx_word' id='word_1_266' title='bbox 632 4099 698 4160; x_wconf 85' lang='lat' dir='ltr'><strong>qua</strong></span> <span class='ocrx_word' id='word_1_267' title='bbox 728 4081 824 4145; x_wconf 90' lang='lat' dir='ltr'><strong>debet</strong></span> <span class='ocrx_word' id='word_1_268' title='bbox 855 4084 963 4145; x_wconf 86' lang='lat' dir='ltr'><strong>claudi</strong></span> <span class='ocrx_word' id='word_1_269' title='bbox 994 4083 1224 4165; x_wconf 72' lang='lat' dir='ltr'><strong>sepulchrum,</strong></span> <span class='ocrx_word' id='word_1_270' title='bbox 1253 4077 1430 4139; x_wconf 85' lang='lat' dir='ltr'><strong>faciteam</strong></span> 
     </span>
     <span class='ocr_line' id='line_1_37' title="bbox 119 4173 1344 4263; baseline -0.008 -20"><span class='ocrx_word' id='word_1_271' title='bbox 119 4178 255 4263; x_wconf 89' lang='lat' dir='ltr'><strong>pollice</strong></span> <span class='ocrx_word' id='word_1_272' title='bbox 279 4195 413 4241; x_wconf 86' lang='lat' dir='ltr'><strong>crucem</strong></span> <span class='ocrx_word' id='word_1_273' title='bbox 437 4176 478 4239; x_wconf 85' lang='lat' dir='ltr'><strong>de</strong></span> <span class='ocrx_word' id='word_1_274' title='bbox 502 4174 691 4240; x_wconf 83' lang='lat' dir='ltr'><strong>Chrismate</strong></span> <span class='ocrx_word' id='word_1_275' title='bbox 714 4179 748 4240; x_wconf 93' lang='lat' dir='ltr'><strong>in</strong></span> <span class='ocrx_word' id='word_1_276' title='bbox 768 4178 879 4242; x_wconf 88' lang='lat' dir='ltr'><strong>medio</strong></span> <span class='ocrx_word' id='word_1_277' title='bbox 903 4179 974 4257; x_wconf 81' lang='lat' dir='ltr'><strong>ejus</strong></span> <span class='ocrx_word' id='word_1_278' title='bbox 997 4178 1038 4242; x_wconf 88' lang='lat' dir='ltr'><strong>de</strong></span> <span class='ocrx_word' id='word_1_279' title='bbox 1062 4178 1191 4255; x_wconf 70' lang='lat' dir='ltr'><strong>subtus</strong></span> <span class='ocrx_word' id='word_1_280' title='bbox 1215 4173 1344 4236; x_wconf 89' lang='lat' dir='ltr'><strong>dicens:</strong></span> 
     </span>
    </p>

    <p class='ocr_par' dir='ltr' id='par_1_16' title="bbox 191 4276 1432 4392">
     <span class='ocr_line' id='line_1_38' title="bbox 191 4276 1432 4392; baseline -0.006 -24"><span class='ocrx_word' id='word_1_281' title='bbox 191 4307 301 4368; x_wconf 89' lang='lat' dir='ltr'><strong>onse</strong></span> <span class='ocrx_word' id='word_1_282' title='bbox 322 4291 362 4370; x_wconf 79' lang='lat' dir='ltr'><strong>›l‹</strong></span> <span class='ocrx_word' id='word_1_283' title='bbox 381 4285 539 4392; x_wconf 77' lang='lat' dir='ltr'><strong>cretur,</strong></span> <span class='ocrx_word' id='word_1_284' title='bbox 563 4292 609 4366; x_wconf 90' lang='lat' dir='ltr'><strong>et</strong></span> <span class='ocrx_word' id='word_1_285' title='bbox 632 4280 775 4366; x_wconf 86' lang='lat' dir='ltr'><strong>sancti</strong></span> <span class='ocrx_word' id='word_1_286' title='bbox 795 4292 834 4371; x_wconf 77' lang='lat'><strong>›1‹</strong></span> <span class='ocrx_word' id='word_1_287' title='bbox 855 4280 1012 4364; x_wconf 84' lang='lat' dir='ltr'><strong>ficetur</strong></span> <span class='ocrx_word' id='word_1_288' title='bbox 1038 4280 1136 4363; x_wconf 89' lang='lat' dir='ltr'><strong>haec</strong></span> <span class='ocrx_word' id='word_1_289' title='bbox 1160 4276 1320 4377; x_wconf 75' lang='lat' dir='ltr'><strong>tibula,</strong></span> <span class='ocrx_word' id='word_1_290' title='bbox 1345 4281 1432 4378; x_wconf 81' lang='lat' dir='ltr'><strong>(vel</strong></span> 
     </span>
    </p>

    <p class='ocr_par' dir='ltr' id='par_1_17' title="bbox 10 4379 1434 4687">
     <span class='ocr_line' id='line_1_39' title="bbox 215 4379 1430 4493; baseline -0.007 -21"><span class='ocrx_word' id='word_1_291' title='bbox 215 4387 289 4472; x_wconf 91' lang='lat' dir='ltr'><strong>hic</strong></span> <span class='ocrx_word' id='word_1_292' title='bbox 307 4386 437 4493; x_wconf 79' lang='lat' dir='ltr'><strong>lapis)</strong></span> <span class='ocrx_word' id='word_1_293' title='bbox 451 4411 532 4493; x_wconf 87' lang='lat' dir='ltr'><strong>per</strong></span> <span class='ocrx_word' id='word_1_294' title='bbox 551 4385 683 4470; x_wconf 86' lang='lat' dir='ltr'><strong>istam</strong></span> <span class='ocrx_word' id='word_1_295' title='bbox 701 4386 967 4485; x_wconf 85' lang='lat' dir='ltr'><strong>unctionem,</strong></span> <span class='ocrx_word' id='word_1_296' title='bbox 991 4394 1036 4468; x_wconf 89' lang='lat' dir='ltr'><strong>et</strong></span> <span class='ocrx_word' id='word_1_297' title='bbox 1055 4383 1140 4466; x_wconf 90' lang='lat' dir='ltr'><strong>Dei</strong></span> <span class='ocrx_word' id='word_1_298' title='bbox 1159 4379 1430 4465; x_wconf 80' lang='lat' dir='ltr'><strong>benedictio·</strong></span> 
     </span>
     <span class='ocr_line' id='line_1_40' title="bbox 10 4483 1434 4612; baseline -0.003 -35"><span class='ocrx_word' id='word_1_299' title='bbox 10 4510 34 4543; x_wconf 57' lang='lat'><strong>*⁰</strong></span> <span class='ocrx_word' id='word_1_300' title='bbox 123 4516 244 4577; x_wconf 84' lang='lat' dir='ltr'><strong>nem.</strong></span> <span class='ocrx_word' id='word_1_301' title='bbox 265 4491 334 4612; x_wconf 30' lang='lat' dir='ltr'><strong>‘In</strong></span> <span class='ocrx_word' id='word_1_302' title='bbox 360 4491 538 4612; x_wconf 84' lang='lat' dir='ltr'><strong>nominc</strong></span> <span class='ocrx_word' id='word_1_303' title='bbox 565 4491 629 4573; x_wconf 84' lang='lat' dir='ltr'><strong>Pa</strong></span> <span class='ocrx_word' id='word_1_304' title='bbox 650 4495 691 4575; x_wconf 77' lang='lat'><strong>›1‹</strong></span> <span class='ocrx_word' id='word_1_305' title='bbox 706 4488 799 4591; x_wconf 84' lang='lat' dir='ltr'><strong>tris,</strong></span> <span class='ocrx_word' id='word_1_306' title='bbox 827 4497 872 4573; x_wconf 83' lang='lat' dir='ltr'><strong>ct</strong></span> <span class='ocrx_word' id='word_1_307' title='bbox 894 4488 947 4570; x_wconf 88' lang='lat' dir='ltr'><strong>Fi</strong></span> <span class='ocrx_word' id='word_1_308' title='bbox 968 4499 1008 4578; x_wconf 74' lang='lat'><strong>›1‹</strong></span> <span class='ocrx_word' id='word_1_309' title='bbox 1031 4486 1088 4589; x_wconf 90' lang='lat' dir='ltr'><strong>lii,</strong></span> <span class='ocrx_word' id='word_1_310' title='bbox 1116 4494 1159 4569; x_wconf 88' lang='lat' dir='ltr'><strong>ct</strong></span> <span class='ocrx_word' id='word_1_311' title='bbox 1178 4483 1369 4589; x_wconf 86' lang='lat' dir='ltr'><strong>Spiritus</strong></span> <span class='ocrx_word' id='word_1_312' title='bbox 1394 4494 1434 4573; x_wconf 76' lang='lat'><strong>›1‹</strong></span> 
     </span>
     <span class='ocr_line' id='line_1_41' title="bbox 127 4593 519 4687; baseline -0.013 -6"><span class='ocrx_word' id='word_1_313' title='bbox 127 4603 289 4687; x_wconf 75' lang='lat' dir='ltr'><strong>sanctu</strong></span> <span class='ocrx_word' id='word_1_314' title='bbox 313 4594 409 4677; x_wconf 85' lang='lat' dir='ltr'><strong>Pax</strong></span> <span class='ocrx_word' id='word_1_315' title='bbox 426 4593 519 4678; x_wconf 88' lang='lat' dir='ltr'><strong>trbi.</strong></span> 
     </span>
    </p>
   </div>
   <div class='ocr_carea' id='block_1_9' title="bbox 0 0 1553 5094">
    <p class='ocr_par' dir='ltr' id='par_1_18' title="bbox 0 0 1553 5094">
     <span class='ocr_line' id='line_1_42' title="bbox 0 0 1553 5094; baseline 0 0"><span class='ocrx_word' id='word_1_316' title='bbox 0 0 1553 5094; x_wconf 95' lang='lat' dir='ltr'><strong> </strong></span> 
     </span>
    </p>
   </div>
  </div>
 </body>
</html>
