3090 5094
177 360 219 425 32
577 353 627 413 De
651 353 808 414 llcclesire
832 350 1045 412 Dedicatione

176 531 424 611 mereantur
456 527 691 610 accessum.
733 524 799 608 Sit
866 548 912 608 er
944 521 1285 608 illustrationem
1316 517 1454 605 vultus

177 632 243 715 tui
269 630 433 715 utilitas
461 629 694 731 hominum,
721 628 836 714 stab'
857 629 939 714 ‘tas
964 633 1192 734 parietum.

254 763 339 825 Tum
360 757 513 824 Pontifex
540 759 664 824 accedit
687 762 728 824 ad
753 762 872 825 ostium
894 762 1070 842 Ecclesiae,
1101 769 1230 824 etcum
1253 753 1454 821 extremitate

176 857 282 921 baculi
311 858 488 938 pastoralis
512 858 588 920 facit
611 877 738 923 crucem
762 860 792 922 in
818 869 907 941 parte
932 859 1108 941 superiori,
1134 866 1164 920 et
1189 856 1291 919 aliam
1315 853 1349 915 in
1373 860 1455 933 parte

177 956 320 1017 inferiori
345 955 547 1018 intrinsecus

256 1055 330 1135 Quo
351 1058 438 1122 iacto
460 1060 611 1141 deposito
636 1062 764 1147 baculo,
787 1068 877 1124 stans
901 1060 1022 1124 ibidem
1045 1057 1270 1141 prosequitur,
1293 1053 1421 1116 dicens:

256 1168 324 1252 Sit
350 1167 508 1275 positis
535 1191 642 1250 crux
667 1167 830 1251 invicta
854 1164 1090 1268 liminibus3
1116 1167 1295 1268 utrique
1312 1173 1461 1269 postes

208 1272 330 1356 ratiae
357 1282 446 1355 tuae
479 1271 764 1377 inscriptione
797 1270 1036 1375 signantur3
1070 1293 1122 1352 ac
1153 1292 1234 1375 per
1269 1266 1461 1351 multiti-

178 1299 325 1461 {inem
370 1375 697 1562 propitiationis
735 1385 824 1458 tuae
864 1372 1166 1459 visitatoribus
1207 1370 1377 1494 domus
1413 1369 1463 1455 sit

178 1506 265 1586 pax
293 1506 392 1563 cum
418 1504 445 1560 a
477 1477 700 1579 undantia,
732 1478 949 1564 sobrietas
977 1504 1077 1563 cum
1102 1474 1342 1577 modestra‚
1376 1472 1463 1559 red·

180 1583 391 1669 undantia
425 1608 525 1666 cum
559 1582 869 1668 misericordia.
924 1580 1189 1705 Inquietado
1232 1579 1385 1664 omnis
1424 1588 1464 1663 et

181 1688 406 1771 calamitas
441 1686 570 1790 longe
605 1686 822 1773 recedant.
875 1687 1048 1795 lnopra,
1083 1683 1239 1792 pestis,
1271 1681 1464 1781 morbus,

179 1791 371 1897 languor,
394 1792 593 1875 incursas
626 1817 681 1876 ue
704 1792 919 1875 malorum
940 1791 1173 1898 spirituum
1193 1798 1272 1872 tua
1291 1811 1465 1910 semper

180 1896 432 2019 visitatione
464 1817 708 2016 discorlmt3
742 1905 790 1979 ut
824 1895 1097 2016 tua.{fusain
1124 1892 1342 2014 hocloco
1371 1891 1464 2013 vrsi-

178 2005 357 2084 tatroms
392 2004 532 2103 gratra
567 2004 771 2084 extensos
807 2001 898 2105 ejus
932 2004 1143 2084 terminos
1176 2006 1220 2081 et
1246 2001 1369 2081 atria
1391 2020 1465 2080 cn·

179 2109 378 2188 cumacta
404 2110 645 2210 percurrat3
674 2105 818 2225 sitque
843 2129 922 2210 per
950 2111 1133 2188 cunctos
1161 2102 1253 2207 ejus
1280 2098 1466 2207 angulos

179 2234 231 2292 ac
257 2213 455 2292 recessus
483 2206 608 2313 hujus
634 2208 817 2311 gurgitis
844 2207 1091 2314 purificatio
1119 2231 1198 2313 per
1224 2206 1466 2305 lavacrum

180 2323 228 2397 ut
264 2337 437 2418 semper
467 2311 538 2395 hic
570 2311 724 2394 laetitia
761 2312 930 2416 quietis,
963 2311 1103 2416 gratia
1136 2308 1465 2416 hospitalitatis

181 2415 447 2502 abundantia
487 2416 643 2520 frugis,
683 2416 928 2501 reverentia
962 2415 1204 2520 religionis,
1247 2413 1464 2520 copiaque

181 2522 239 2605 sit
264 2520 429 2606 salitis.
469 2519 537 2622 Et,
564 2519 639 2604 ubi
665 2519 895 2606 invocatur
920 2529 1119 2605 sanctum
1143 2542 1309 2603 nomen
1333 2526 1464 2613 tunm

181 2624 399 2709 bonorum
435 2624 627 2707 omnium
662 2624 870 2710 succedat
905 2626 1049 2733 copia,
1083 2622 1303 2707 malorum
1332 2630 1465 2707 tenta·

181 2733 329 2813 monta
354 2728 509 2835 procul
536 2726 758 2833 effugiant:
792 2738 835 2812 et
861 2734 1104 2814 mereamur
1131 2726 1296 2811 habore
1323 2724 1464 2812 nobis·

182 2858 282 2918 cum
316 2832 534 2938 Angelum
568 2832 707 2939 pacis,
744 2832 975 2934 castitatis,
1015 2831 1229 2931 caritatis,
1267 2854 1324 2914 ac
1360 2828 1464 2915 veri·

183 2939 305 3040 tatis,
341 2938 416 3043 qui
447 2961 540 3021 sem
573 2961 619 3020 er
653 2934 709 3020 ab
743 2936 944 3021 omnibus
970 2936 1097 3021 malis
1122 2960 1205 3020 nos
1233 2932 1464 3033 custodiat,

182 3047 404 3149 protegat,
440 3050 484 3125 et
551 3038 736 3125 efondat.
780 3042 866 3126 Per
896 3040 1134 3127 Dominum
1166 3047 1374 3123 noenum
1403 3038 1463 3123 le

184 3172 281 3230 sum
295 3145 517 3230 Christum
529 3144 688 3227 Fihum
700 3153 837 3229 tuum:
856 3147 940 3249 Qui
958 3155 1105 3230 tecum
1122 3143 1231 3227 vivit
1249 3151 1297 3228 et
1314 3149 1465 3250 regnat

183 3251 228 3332 in
253 3251 421 3335 unitate
447 3249 635 3355 Spiritus
669 3250 809 3333 sancti
838 3251 977 3353 Deus,
1010 3274 1089 3356 per
1124 3248 1269 3332 omnia
1307 3246 1466 3334 seacula

184 3354 455 3438 saeculorum.
492 3356 544 3458 ll.
566 3353 719 3437 Amen.

260 3487 388 3550 Deinde
410 3487 496 3550 redit
521 3486 563 3550 ad
586 3485 707 3548 dictum
730 3485 854 3555 locum,
881 3482 936 3544 ubi
962 3499 1080 3562 aquam
1103 3477 1287 3561 benedixit,
1321 3484 1353 3540 et
1376 3484 1462 3542 stans

184 3582 301 3645 ibidem
327 3601 441 3647 versus
466 3583 507 3646 ad
529 3584 629 3645 altare
652 3581 769 3662 majuS,
791 3579 921 3641 mitram
947 3577 979 3640 in
1005 3578 1111 3657 capite
1132 3584 1256 3655 tenens
1278 3574 1374 3637 dicit:

256 3707 355 3767 eum
380 3682 557 3766 Patrem
585 3680 945 3786 omnipotentem,
977 3679 1134 3763 fratres
1162 3678 1398 3782 carissimi,
1427 3678 1467 3763 in

263 3790 383 3892 cujus
411 3785 544 3871 domo
568 3785 817 3868 mansiones
842 3784 993 3868 multae
1014 3793 1128 3885 sunt,
1155 3783 1384 3971 supAElices
1401 3782 1467 3869 de·

184 3894 429 3998 precemur,
463 3900 511 3972 ut
545 3888 842 3974 habitaculum
876 3886 996 3972 istud
1031 3886 1143 3972 bene
1160 3892 1200 3971 ›1‹
1259 3891 1268 3911 '

186 3994 409 4080 custodire
426 3993 637 4097 dignetur,
662 4018 741 4098 per
761 3994 1057 4098 aspersionem
1077 3992 1203 4098 hujus
1222 4016 1353 4096 aquae
1373 4016 1471 4078 cum

186 4101 300 4201 vino,
328 4098 429 4199 sale,
458 4108 500 4181 et
526 4103 669 4182 cinere
696 4098 856 4181 mixtae.
894 4097 979 4180 Per
1004 4097 1241 4181 Dominum
1265 4106 1470 4182 nostrum

186 4205 335 4288 lesum
362 4202 582 4287 Christum
608 4201 766 4285 Filium
792 4227 934 4284 suum:
969 4200 1179 4303 Quicum
1206 4224 1259 4284 eo
1286 4199 1404 4287 vivit
1429 4208 1472 4285 et

188 4318 341 4413 regnat
373 4308 418 4390 in
449 4307 616 4389 unitate
649 4306 836 4514 SRiritus
869 4307 1008 4389 sancti
1040 4305 1177 4407 Deus,
1208 4324 1289 4411 per
1324 4305 1473 4390 omnia

189 4414 349 4495 sa'ecula
375 4412 645 4496 saeculorum.
710 4452 728 4490 v.
755 4413 908 4493 Amen.

263 4521 344 4584 Post
374 4522 445 4584 haec
478 4518 632 4584 Pontifex
663 4518 811 4600 procedit
843 4518 886 4581 ad
917 4520 1018 4582 altare
1045 4535 1118 4580 cum
1146 4516 1256 4599 mitra,
1286 4525 1319 4581 ct
1344 4518 1472 4583 ibidem

184 4616 327 4701 inchoat,
352 4619 463 4680 schola
487 4625 715 4699 prosequente,
737 4613 962 4695 Antiphonem
981 4623 1183 4694 sequentem:

1270 3911 1394 3990 cere,
1429 3896 1470 3973 et
