<?xml version="1.0" encoding="UTF-8"?>
<!DOCTYPE html PUBLIC "-//W3C//DTD XHTML 1.0 Transitional//EN"
    "http://www.w3.org/TR/xhtml1/DTD/xhtml1-transitional.dtd">
<html xmlns="http://www.w3.org/1999/xhtml" xml:lang="en" lang="en">
 <head>
  <title>
</title>
<meta http-equiv="Content-Type" content="text/html;charset=utf-8" />
  <meta name='ocr-system' content='tesseract 3.04.00' />
  <meta name='ocr-capabilities' content='ocr_page ocr_carea ocr_par ocr_line ocrx_word'/>
</head>
<body>
  <div class='ocr_page' id='page_1' title='image "./ritusbenedictio00churgoog_0121.png"; bbox 0 0 3090 5094; ppageno 0'>
   <div class='ocr_carea' id='block_1_1' title="bbox 102 336 999 401">
    <p class='ocr_par' dir='ltr' id='par_1_1' title="bbox 102 336 999 401">
     <span class='ocr_line' id='line_1_1' title="bbox 102 336 999 401; baseline 0.001 -1"><span class='ocrx_word' id='word_1_1' title='bbox 102 336 164 401; x_wconf 90' lang='lat'>108</span> <span class='ocrx_word' id='word_1_2' title='bbox 505 338 557 400; x_wconf 90' lang='lat' dir='ltr'>Dc</span> <span class='ocrx_word' id='word_1_3' title='bbox 580 337 703 401; x_wconf 81' lang='lat' dir='ltr'>Altaris</span> <span class='ocrx_word' id='word_1_4' title='bbox 728 336 999 401; x_wconf 82' lang='lat' dir='ltr'>Conscerntionc.</span> 
     </span>
    </p>
   </div>
   <div class='ocr_carea' id='block_1_2' title="bbox 99 500 1393 1709">
    <p class='ocr_par' dir='ltr' id='par_1_2' title="bbox 99 500 1393 695">
     <span class='ocr_line' id='line_1_2' title="bbox 100 500 1393 602; baseline -0.001 -14"><span class='ocrx_word' id='word_1_5' title='bbox 100 505 296 588; x_wconf 81' lang='lat' dir='ltr'>omnium</span> <span class='ocrx_word' id='word_1_6' title='bbox 318 502 597 601; x_wconf 83' lang='lat' dir='ltr'>Sanctomm,</span> <span class='ocrx_word' id='word_1_7' title='bbox 626 500 683 584; x_wconf 85' lang='lat' dir='ltr'>ad</span> <span class='ocrx_word' id='word_1_8' title='bbox 708 526 884 602; x_wconf 88' lang='lat' dir='ltr'>nomen,</span> <span class='ocrx_word' id='word_1_9' title='bbox 904 512 948 585; x_wconf 90' lang='lat' dir='ltr'>et</span> <span class='ocrx_word' id='word_1_10' title='bbox 967 503 1229 585; x_wconf 81' lang='lat' dir='ltr'>memoriam</span> <span class='ocrx_word' id='word_1_11' title='bbox 1247 503 1393 587; x_wconf 70' lang='lat' dir='ltr'>Sanc-</span> 
     </span>
     <span class='ocr_line' id='line_1_3' title="bbox 99 605 1225 695; baseline -0.004 0"><span class='ocrx_word' id='word_1_12' title='bbox 99 614 151 695; x_wconf 91' lang='lat' dir='ltr'>N.</span> <span class='ocrx_word' id='word_1_13' title='bbox 171 608 266 691; x_wconf 86' lang='lat' dir='ltr'>Pax</span> <span class='ocrx_word' id='word_1_14' title='bbox 284 605 376 690; x_wconf 88' lang='lat' dir='ltr'>tibi.</span> <span class='ocrx_word' id='word_1_15' title='bbox 1222 637 1225 642; x_wconf 91' lang='lat'>·</span> 
     </span>
    </p>

    <p class='ocr_par' dir='ltr' id='par_1_3' title="bbox 100 751 1393 1122">
     <span class='ocr_line' id='line_1_4' title="bbox 179 751 1374 837; baseline 0.003 -21"><span class='ocrx_word' id='word_1_16' title='bbox 179 754 307 816; x_wconf 78' lang='lat' dir='ltr'>Deinde</span> <span class='ocrx_word' id='word_1_17' title='bbox 331 752 496 833; x_wconf 77' lang='lat' dir='ltr'>Pontifex,</span> <span class='ocrx_word' id='word_1_18' title='bbox 521 762 659 833; x_wconf 80' lang='lat' dir='ltr'>accepto</span> <span class='ocrx_word' id='word_1_19' title='bbox 683 751 852 815; x_wconf 85' lang='lat' dir='ltr'>thuribulo</span> <span class='ocrx_word' id='word_1_20' title='bbox 877 771 894 813; x_wconf 84' lang='lat' dir='ltr'>n</span> <span class='ocrx_word' id='word_1_21' title='bbox 914 751 1092 816; x_wconf 74' lang='lat' dir='ltr'>Sacerdote</span> <span class='ocrx_word' id='word_1_22' title='bbox 1115 757 1317 837; x_wconf 64' lang='lat' dir='ltr'>incensante,</span> <span class='ocrx_word' id='word_1_23' title='bbox 1340 760 1374 819; x_wconf 80' lang='lat' dir='ltr'>ir</span> 
     </span>
     <span class='ocr_line' id='line_1_5' title="bbox 100 849 1393 930; baseline -0.001 -20"><span class='ocrx_word' id='word_1_24' title='bbox 100 851 225 930; x_wconf 77' lang='lat' dir='ltr'>posito,</span> <span class='ocrx_word' id='word_1_25' title='bbox 256 860 286 911; x_wconf 86' lang='lat' dir='ltr'>et</span> <span class='ocrx_word' id='word_1_26' title='bbox 316 849 505 929; x_wconf 69' lang='lat' dir='ltr'>benedicto,</span> <span class='ocrx_word' id='word_1_27' title='bbox 534 859 567 912; x_wconf 87' lang='lat' dir='ltr'>ut</span> <span class='ocrx_word' id='word_1_28' title='bbox 592 851 700 930; x_wconf 67' lang='lat' dir='ltr'>prins,</span> <span class='ocrx_word' id='word_1_29' title='bbox 729 850 882 925; x_wconf 76' lang='lat' dir='ltr'>incenso,</span> <span class='ocrx_word' id='word_1_30' title='bbox 914 858 1005 909; x_wconf 76' lang='lat' dir='ltr'>stans</span> <span class='ocrx_word' id='word_1_31' title='bbox 1036 869 1110 912; x_wconf 89' lang='lat' dir='ltr'>eum</span> <span class='ocrx_word' id='word_1_32' title='bbox 1137 855 1232 914; x_wconf 78' lang='lat' dir='ltr'>mitro</span> <span class='ocrx_word' id='word_1_33' title='bbox 1257 855 1393 916; x_wconf 47' lang='lat' dir='ltr'>incitos:</span> 
     </span>
     <span class='ocr_line' id='line_1_6' title="bbox 100 943 1393 1027; baseline 0.003 -20"><span class='ocrx_word' id='word_1_34' title='bbox 100 945 216 1023; x_wconf 78' lang='lat' dir='ltr'>schola</span> <span class='ocrx_word' id='word_1_35' title='bbox 248 964 306 1008; x_wconf 91' lang='lat' dir='ltr'>scu</span> <span class='ocrx_word' id='word_1_36' title='bbox 338 947 497 1008; x_wconf 81' lang='lat' dir='ltr'>ministris</span> <span class='ocrx_word' id='word_1_37' title='bbox 530 943 827 1027; x_wconf 72' lang='lat' dir='ltr'>proscqtrerttibu3‚</span> <span class='ocrx_word' id='word_1_38' title='bbox 861 943 1144 1024; x_wconf 82' lang='lat' dir='ltr'>Responsorium:</span> <span class='ocrx_word' id='word_1_39' title='bbox 1182 967 1258 1011; x_wconf 90' lang='lat' dir='ltr'>cum</span> <span class='ocrx_word' id='word_1_40' title='bbox 1292 966 1393 1011; x_wconf 64' lang='lat' dir='ltr'>cnut⁴</span> 
     </span>
     <span class='ocr_line' id='line_1_7' title="bbox 100 1039 250 1122; baseline 0.007 -20"><span class='ocrx_word' id='word_1_41' title='bbox 100 1039 250 1122; x_wconf 81' lang='lat' dir='ltr'>pug.&#39;69.</span> 
     </span>
    </p>

    <p class='ocr_par' dir='ltr' id='par_1_4' title="bbox 100 1156 1393 1344">
     <span class='ocr_line' id='line_1_8' title="bbox 178 1156 1393 1263; baseline 0.001 -26"><span class='ocrx_word' id='word_1_42' title='bbox 178 1156 404 1259; x_wconf 69' lang='lat' dir='ltr'>Dirigstur</span> <span class='ocrx_word' id='word_1_43' title='bbox 423 1158 567 1240; x_wconf 64' lang='lat' dir='ltr'>oratio</span> <span class='ocrx_word' id='word_1_44' title='bbox 586 1181 686 1239; x_wconf 86' lang='lat' dir='ltr'>mea</span> <span class='ocrx_word' id='word_1_45' title='bbox 704 1157 819 1240; x_wconf 90' lang='lat' dir='ltr'>sicut</span> <span class='ocrx_word' id='word_1_46' title='bbox 836 1156 1064 1239; x_wconf 70' lang='lat' dir='ltr'>incensum</span> <span class='ocrx_word' id='word_1_47' title='bbox 1088 1156 1133 1238; x_wconf 91' lang='lat' dir='ltr'>in</span> <span class='ocrx_word' id='word_1_48' title='bbox 1155 1159 1393 1263; x_wconf 81' lang='lat' dir='ltr'>conspeetu</span> 
     </span>
     <span class='ocr_line' id='line_1_9' title="bbox 100 1259 398 1344; baseline -0.003 -1"><span class='ocrx_word' id='word_1_49' title='bbox 100 1269 178 1344; x_wconf 87' lang='lat' dir='ltr'>tuo</span> <span class='ocrx_word' id='word_1_50' title='bbox 198 1259 398 1344; x_wconf 80' lang='lat' dir='ltr'>Domine.</span> 
     </span>
    </p>

    <p class='ocr_par' dir='ltr' id='par_1_5' title="bbox 100 1371 1386 1566">
     <span class='ocr_line' id='line_1_10' title="bbox 179 1371 1386 1487; baseline -0.001 -25"><span class='ocrx_word' id='word_1_51' title='bbox 179 1371 230 1475; x_wconf 74' lang='lat' dir='ltr'>if.</span> <span class='ocrx_word' id='word_1_52' title='bbox 255 1381 457 1464; x_wconf 69' lang='lat' dir='ltr'>Elcvftio</span> <span class='ocrx_word' id='word_1_53' title='bbox 481 1384 689 1463; x_wconf 61' lang='lat' dir='ltr'>manuum</span> <span class='ocrx_word' id='word_1_54' title='bbox 712 1384 910 1465; x_wconf 61' lang='lat' dir='ltr'>metrum</span> <span class='ocrx_word' id='word_1_55' title='bbox 932 1380 1199 1464; x_wconf 83' lang='lat' dir='ltr'>sacrificium</span> <span class='ocrx_word' id='word_1_56' title='bbox 1223 1405 1386 1487; x_wconf 88' lang='lat' dir='ltr'>vesper·</span> 
     </span>
     <span class='ocr_line' id='line_1_11' title="bbox 100 1488 252 1566; baseline -0.013 0"><span class='ocrx_word' id='word_1_57' title='bbox 100 1488 252 1566; x_wconf 86' lang='lat' dir='ltr'>tinum.</span> 
     </span>
    </p>

    <p class='ocr_par' dir='ltr' id='par_1_6' title="bbox 180 1621 1392 1709">
     <span class='ocr_line' id='line_1_12' title="bbox 180 1621 1392 1709; baseline -0.001 -21"><span class='ocrx_word' id='word_1_58' title='bbox 180 1621 256 1701; x_wconf 87' lang='lat' dir='ltr'>Quo</span> <span class='ocrx_word' id='word_1_59' title='bbox 283 1627 431 1707; x_wconf 82' lang='lat' dir='ltr'>incepto,</span> <span class='ocrx_word' id='word_1_60' title='bbox 460 1622 616 1686; x_wconf 80' lang='lat' dir='ltr'>Pontifex</span> <span class='ocrx_word' id='word_1_61' title='bbox 642 1623 758 1685; x_wconf 77' lang='lat' dir='ltr'>circuit</span> <span class='ocrx_word' id='word_1_62' title='bbox 781 1628 882 1688; x_wconf 87' lang='lat' dir='ltr'>semel</span> <span class='ocrx_word' id='word_1_63' title='bbox 910 1628 1013 1690; x_wconf 79' lang='lat' dir='ltr'>nitore</span> <span class='ocrx_word' id='word_1_64' title='bbox 1037 1629 1080 1690; x_wconf 84' lang='lat' dir='ltr'>ad</span> <span class='ocrx_word' id='word_1_65' title='bbox 1104 1629 1289 1709; x_wconf 76' lang='lat' dir='ltr'>sinistrum,</span> <span class='ocrx_word' id='word_1_66' title='bbox 1317 1629 1392 1691; x_wconf 85' lang='lat' dir='ltr'>iliud</span> 
     </span>
    </p>
   </div>
   <div class='ocr_carea' id='block_1_3' title="bbox 99 1721 1393 1899">
    <p class='ocr_par' dir='ltr' id='par_1_7' title="bbox 99 1721 1393 1899">
     <span class='ocr_line' id='line_1_13' title="bbox 100 1721 1393 1802; baseline 0.003 -21"><span class='ocrx_word' id='word_1_67' title='bbox 100 1722 286 1799; x_wconf 72' lang='lat' dir='ltr'>incensans</span> <span class='ocrx_word' id='word_1_68' title='bbox 309 1732 344 1783; x_wconf 90' lang='lat' dir='ltr'>ut</span> <span class='ocrx_word' id='word_1_69' title='bbox 367 1723 475 1802; x_wconf 85' lang='lat' dir='ltr'>prius;</span> <span class='ocrx_word' id='word_1_70' title='bbox 501 1737 566 1799; x_wconf 90' lang='lat' dir='ltr'>quo</span> <span class='ocrx_word' id='word_1_71' title='bbox 589 1721 775 1802; x_wconf 80' lang='lat' dir='ltr'>incensato,</span> <span class='ocrx_word' id='word_1_72' title='bbox 799 1725 951 1786; x_wconf 82' lang='lat' dir='ltr'>restituto</span> <span class='ocrx_word' id='word_1_73' title='bbox 971 1723 1140 1787; x_wconf 78' lang='lat' dir='ltr'>thuribulo</span> <span class='ocrx_word' id='word_1_74' title='bbox 1161 1725 1344 1802; x_wconf 58' lang='lat' dir='ltr'>Sacerdoti,</span> <span class='ocrx_word' id='word_1_75' title='bbox 1367 1736 1393 1785; x_wconf 84' lang='lat' dir='ltr'>et</span> 
     </span>
     <span class='ocr_line' id='line_1_14' title="bbox 99 1814 1030 1899; baseline 0.003 -22"><span class='ocrx_word' id='word_1_76' title='bbox 99 1814 291 1897; x_wconf 73' lang='lat' dir='ltr'>Antiphone</span> <span class='ocrx_word' id='word_1_77' title='bbox 314 1817 416 1899; x_wconf 77' lang='lat' dir='ltr'>finita,</span> <span class='ocrx_word' id='word_1_78' title='bbox 440 1814 606 1894; x_wconf 81' lang='lat' dir='ltr'>Pontifex,</span> <span class='ocrx_word' id='word_1_79' title='bbox 632 1815 783 1895; x_wconf 84' lang='lat' dir='ltr'>deposita</span> <span class='ocrx_word' id='word_1_80' title='bbox 808 1820 913 1898; x_wconf 81' lang='lat' dir='ltr'>mitra,</span> <span class='ocrx_word' id='word_1_81' title='bbox 938 1821 1030 1882; x_wconf 85' lang='lat' dir='ltr'>dicit:</span> 
     </span>
    </p>
   </div>
   <div class='ocr_carea' id='block_1_4' title="bbox 179 1945 1379 2058">
    <p class='ocr_par' dir='ltr' id='par_1_8' title="bbox 179 1945 1379 2058">
     <span class='ocr_line' id='line_1_15' title="bbox 179 1945 1379 2058; baseline -0.002 -28"><span class='ocrx_word' id='word_1_82' title='bbox 179 1948 376 2031; x_wconf 70' lang='lat' dir='ltr'>Oremus.</span> <span class='ocrx_word' id='word_1_83' title='bbox 421 1961 463 2024; x_wconf 80' lang='lat' dir='ltr'>m</span> <span class='ocrx_word' id='word_1_84' title='bbox 478 1961 630 2025; x_wconf 84' lang='lat' dir='ltr'>ministri:</span> <span class='ocrx_word' id='word_1_85' title='bbox 659 1947 909 2031; x_wconf 66' lang='lat' dir='ltr'>Flectfmus</span> <span class='ocrx_word' id='word_1_86' title='bbox 926 1949 1079 2049; x_wconf 73' lang='lat' dir='ltr'>genua.</span> <span class='ocrx_word' id='word_1_87' title='bbox 1130 1956 1181 2058; x_wconf 54' lang='lat' dir='ltr'>Ru</span> <span class='ocrx_word' id='word_1_88' title='bbox 1200 1945 1379 2031; x_wconf 67' lang='lat' dir='ltr'>Levatc.</span> 
     </span>
    </p>
   </div>
   <div class='ocr_carea' id='block_1_5' title="bbox 99 2100 1393 2512">
    <p class='ocr_par' dir='ltr' id='par_1_9' title="bbox 99 2100 1393 2512">
     <span class='ocr_line' id='line_1_16' title="bbox 167 2100 1393 2207; baseline 0.001 -22"><span class='ocrx_word' id='word_1_89' title='bbox 167 2100 389 2205; x_wconf 69' lang='lat' dir='ltr'>escendat,</span> <span class='ocrx_word' id='word_1_90' title='bbox 405 2106 658 2207; x_wconf 79' lang='lat' dir='ltr'>qua&#39;csumus</span> <span class='ocrx_word' id='word_1_91' title='bbox 676 2103 867 2187; x_wconf 83' lang='lat' dir='ltr'>Domine</span> <span class='ocrx_word' id='word_1_92' title='bbox 886 2102 1009 2187; x_wconf 88' lang='lat' dir='ltr'>Deus</span> <span class='ocrx_word' id='word_1_93' title='bbox 1029 2111 1191 2200; x_wconf 84' lang='lat' dir='ltr'>noster,</span> <span class='ocrx_word' id='word_1_94' title='bbox 1209 2100 1393 2207; x_wconf 80' lang='lat' dir='ltr'>Spiritus</span> 
     </span>
     <span class='ocr_line' id='line_1_17' title="bbox 191 2204 1391 2312; baseline 0.001 -24"><span class='ocrx_word' id='word_1_95' title='bbox 191 2213 293 2288; x_wconf 89' lang='lat' dir='ltr'>tuus</span> <span class='ocrx_word' id='word_1_96' title='bbox 312 2215 492 2290; x_wconf 86' lang='lat' dir='ltr'>sanctus</span> <span class='ocrx_word' id='word_1_97' title='bbox 510 2231 644 2312; x_wconf 89' lang='lat' dir='ltr'>super</span> <span class='ocrx_word' id='word_1_98' title='bbox 661 2206 747 2290; x_wconf 91' lang='lat' dir='ltr'>hoc</span> <span class='ocrx_word' id='word_1_99' title='bbox 766 2206 917 2306; x_wconf 64' lang='lat' dir='ltr'>altare,</span> <span class='ocrx_word' id='word_1_100' title='bbox 941 2206 1080 2311; x_wconf 86' lang='lat' dir='ltr'>quiet</span> <span class='ocrx_word' id='word_1_101' title='bbox 1099 2204 1216 2289; x_wconf 87' lang='lat' dir='ltr'>dona</span> <span class='ocrx_word' id='word_1_102' title='bbox 1234 2216 1391 2290; x_wconf 85' lang='lat' dir='ltr'>nostra</span> 
     </span>
     <span class='ocr_line' id='line_1_18' title="bbox 100 2307 1393 2413; baseline 0.002 -22"><span class='ocrx_word' id='word_1_103' title='bbox 100 2316 146 2391; x_wconf 90' lang='lat' dir='ltr'>et</span> <span class='ocrx_word' id='word_1_104' title='bbox 163 2307 319 2413; x_wconf 76' lang='lat' dir='ltr'>pepuli</span> <span class='ocrx_word' id='word_1_105' title='bbox 337 2309 403 2392; x_wconf 93' lang='lat' dir='ltr'>tui</span> <span class='ocrx_word' id='word_1_106' title='bbox 420 2310 466 2392; x_wconf 92' lang='lat' dir='ltr'>in</span> <span class='ocrx_word' id='word_1_107' title='bbox 484 2334 537 2395; x_wconf 87' lang='lat' dir='ltr'>eo</span> <span class='ocrx_word' id='word_1_108' title='bbox 558 2310 815 2410; x_wconf 83' lang='lat' dir='ltr'>sanctificet,</span> <span class='ocrx_word' id='word_1_109' title='bbox 830 2320 875 2393; x_wconf 88' lang='lat' dir='ltr'>et</span> <span class='ocrx_word' id='word_1_110' title='bbox 893 2310 1160 2392; x_wconf 73' lang='lat' dir='ltr'>sumentium</span> <span class='ocrx_word' id='word_1_111' title='bbox 1178 2308 1319 2393; x_wconf 87' lang='lat' dir='ltr'>corda</span> <span class='ocrx_word' id='word_1_112' title='bbox 1341 2309 1393 2394; x_wconf 93' lang='lat' dir='ltr'>di·</span> 
     </span>
     <span class='ocr_line' id='line_1_19' title="bbox 99 2412 1391 2512; baseline 0.002 -19"><span class='ocrx_word' id='word_1_113' title='bbox 99 2415 287 2512; x_wconf 71' lang='lat' dir='ltr'>gnsnter</span> <span class='ocrx_word' id='word_1_114' title='bbox 310 2412 529 2500; x_wconf 82' lang='lat' dir='ltr'>emundet.</span> <span class='ocrx_word' id='word_1_115' title='bbox 568 2413 654 2499; x_wconf 87' lang='lat' dir='ltr'>Per</span> <span class='ocrx_word' id='word_1_116' title='bbox 681 2413 905 2498; x_wconf 86' lang='lat' dir='ltr'>Christum</span> <span class='ocrx_word' id='word_1_117' title='bbox 923 2414 1163 2497; x_wconf 82' lang='lat' dir='ltr'>Dominum</span> <span class='ocrx_word' id='word_1_118' title='bbox 1185 2423 1391 2497; x_wconf 89' lang='lat' dir='ltr'>nostrum</span> 
     </span>
    </p>
   </div>
   <div class='ocr_carea' id='block_1_6' title="bbox 178 2514 419 2622">
    <p class='ocr_par' dir='ltr' id='par_1_10' title="bbox 178 2514 419 2622">
     <span class='ocr_line' id='line_1_20' title="bbox 178 2514 419 2622; baseline -0.004 -22"><span class='ocrx_word' id='word_1_119' title='bbox 178 2520 230 2622; x_wconf 62' lang='lat' dir='ltr'>li.</span> <span class='ocrx_word' id='word_1_120' title='bbox 255 2514 419 2600; x_wconf 66' lang='lat' dir='ltr'>Amen⁰⁴</span> 
     </span>
    </p>
   </div>
   <div class='ocr_carea' id='block_1_7' title="bbox 101 2667 1393 2850">
    <p class='ocr_par' dir='ltr' id='par_1_11' title="bbox 101 2667 1393 2850">
     <span class='ocr_line' id='line_1_21' title="bbox 179 2667 1393 2761; baseline 0.012 -31"><span class='ocrx_word' id='word_1_121' title='bbox 179 2667 254 2745; x_wconf 79' lang='lat' dir='ltr'>Qun</span> <span class='ocrx_word' id='word_1_122' title='bbox 279 2669 381 2751; x_wconf 81' lang='lat' dir='ltr'>dictu,</span> <span class='ocrx_word' id='word_1_123' title='bbox 404 2669 559 2732; x_wconf 78' lang='lat' dir='ltr'>Pontifex</span> <span class='ocrx_word' id='word_1_124' title='bbox 581 2672 724 2753; x_wconf 64' lang='lat' dir='ltr'>incinunt,</span> <span class='ocrx_word' id='word_1_125' title='bbox 747 2685 777 2735; x_wconf 87' lang='lat' dir='ltr'>et</span> <span class='ocrx_word' id='word_1_126' title='bbox 802 2674 918 2736; x_wconf 77' lang='lat' dir='ltr'>schola</span> <span class='ocrx_word' id='word_1_127' title='bbox 943 2694 1001 2739; x_wconf 89' lang='lat' dir='ltr'>seu</span> <span class='ocrx_word' id='word_1_128' title='bbox 1025 2679 1163 2740; x_wconf 85' lang='lat' dir='ltr'>ministri</span> <span class='ocrx_word' id='word_1_129' title='bbox 1189 2698 1393 2761; x_wconf 87' lang='lat' dir='ltr'>prosequun-</span> 
     </span>
     <span class='ocr_line' id='line_1_22' title="bbox 101 2761 833 2850; baseline 0.003 -27"><span class='ocrx_word' id='word_1_130' title='bbox 101 2774 163 2841; x_wconf 76' lang='lat' dir='ltr'>tur,</span> <span class='ocrx_word' id='word_1_131' title='bbox 187 2761 424 2845; x_wconf 73' lang='lat' dir='ltr'>Antiphonem:</span> <span class='ocrx_word' id='word_1_132' title='bbox 450 2784 525 2829; x_wconf 88' lang='lat' dir='ltr'>cum</span> <span class='ocrx_word' id='word_1_133' title='bbox 550 2777 657 2848; x_wconf 77' lang='lat' dir='ltr'>cantu,</span> <span class='ocrx_word' id='word_1_134' title='bbox 680 2788 756 2850; x_wconf 76' lang='lat' dir='ltr'><strong>pag.</strong></span> <span class='ocrx_word' id='word_1_135' title='bbox 780 2761 833 2826; x_wconf 76' lang='lat'>70.</span> 
     </span>
    </p>
   </div>
   <div class='ocr_carea' id='block_1_8' title="bbox 100 2884 1393 3280">
    <p class='ocr_par' dir='ltr' id='par_1_12' title="bbox 100 2884 1393 3280">
     <span class='ocr_line' id='line_1_23' title="bbox 179 2884 1393 2992; baseline 0 -22"><span class='ocrx_word' id='word_1_136' title='bbox 179 2885 478 2970; x_wconf 67' lang='lat' dir='ltr'>Sanctificfvit</span> <span class='ocrx_word' id='word_1_137' title='bbox 509 2887 728 2971; x_wconf 79' lang='lat' dir='ltr'>Dominus</span> <span class='ocrx_word' id='word_1_138' title='bbox 759 2884 1093 2971; x_wconf 63' lang='lat' dir='ltr'>tabernaculum</span> <span class='ocrx_word' id='word_1_139' title='bbox 1120 2911 1263 2968; x_wconf 91' lang='lat' dir='ltr'>suum:</span> <span class='ocrx_word' id='word_1_140' title='bbox 1296 2889 1393 2992; x_wconf 79' lang='lat' dir='ltr'>quin</span> 
     </span>
     <span class='ocr_line' id='line_1_24' title="bbox 100 2988 1393 3096; baseline 0.003 -25"><span class='ocrx_word' id='word_1_141' title='bbox 100 2989 197 3073; x_wconf 90' lang='lat' dir='ltr'>haec</span> <span class='ocrx_word' id='word_1_142' title='bbox 224 3000 293 3073; x_wconf 89' lang='lat' dir='ltr'>est</span> <span class='ocrx_word' id='word_1_143' title='bbox 321 2988 478 3073; x_wconf 89' lang='lat' dir='ltr'>domus</span> <span class='ocrx_word' id='word_1_144' title='bbox 502 2990 598 3089; x_wconf 85' lang='lat' dir='ltr'>Dei,</span> <span class='ocrx_word' id='word_1_145' title='bbox 622 2991 668 3072; x_wconf 92' lang='lat' dir='ltr'>in</span> <span class='ocrx_word' id='word_1_146' title='bbox 693 3015 780 3095; x_wconf 86' lang='lat' dir='ltr'>qua</span> <span class='ocrx_word' id='word_1_147' title='bbox 806 2988 1086 3073; x_wconf 60' lang='lat' dir='ltr'>invocabitur</span> <span class='ocrx_word' id='word_1_148' title='bbox 1109 3013 1272 3073; x_wconf 85' lang='lat' dir='ltr'>nomen</span> <span class='ocrx_word' id='word_1_149' title='bbox 1296 2993 1393 3096; x_wconf 85' lang='lat' dir='ltr'>ejus</span> 
     </span>
     <span class='ocr_line' id='line_1_25' title="bbox 101 3092 1393 3280; baseline 0.001 -103"><span class='ocrx_word' id='word_1_150' title='bbox 101 3092 511 3280; x_wconf 51' lang='lat' dir='ltr'>gcbffiugcriptum</span> <span class='ocrx_word' id='word_1_151' title='bbox 535 3103 618 3177; x_wconf 89' lang='lat' dir='ltr'>est:</span> <span class='ocrx_word' id='word_1_152' title='bbox 644 3093 703 3176; x_wconf 89' lang='lat' dir='ltr'>Et</span> <span class='ocrx_word' id='word_1_153' title='bbox 727 3095 812 3177; x_wconf 86' lang='lat' dir='ltr'>erit</span> <span class='ocrx_word' id='word_1_154' title='bbox 835 3118 996 3177; x_wconf 87' lang='lat' dir='ltr'>nomen</span> <span class='ocrx_word' id='word_1_155' title='bbox 1018 3119 1166 3177; x_wconf 86' lang='lat' dir='ltr'>meum</span> <span class='ocrx_word' id='word_1_156' title='bbox 1190 3092 1263 3195; x_wconf 88' lang='lat' dir='ltr'>ibi,</span> <span class='ocrx_word' id='word_1_157' title='bbox 1290 3093 1393 3178; x_wconf 86' lang='lat' dir='ltr'>dicit</span> 
     </span>
    </p>
   </div>
   <div class='ocr_carea' id='block_1_9' title="bbox 634 3361 866 3426">
    <p class='ocr_par' dir='ltr' id='par_1_13' title="bbox 634 3361 866 3426">
     <span class='ocr_line' id='line_1_26' title="bbox 634 3361 866 3426; baseline 0.022 -5"><span class='ocrx_word' id='word_1_158' title='bbox 634 3361 790 3424; x_wconf 84' lang='lat' dir='ltr'>Psalmus</span> <span class='ocrx_word' id='word_1_159' title='bbox 815 3363 866 3426; x_wconf 76' lang='lat'>45.</span> 
     </span>
    </p>
   </div>
   <div class='ocr_carea' id='block_1_10' title="bbox 101 3471 1393 3682">
    <p class='ocr_par' dir='ltr' id='par_1_14' title="bbox 101 3471 1393 3682">
     <span class='ocr_line' id='line_1_27' title="bbox 101 3471 1393 3663; baseline 0.003 -108"><span class='ocrx_word' id='word_1_160' title='bbox 101 3471 247 3663; x_wconf 83' lang='lat' dir='ltr'>Deus</span> <span class='ocrx_word' id='word_1_161' title='bbox 266 3483 418 3558; x_wconf 86' lang='lat' dir='ltr'>noster</span> <span class='ocrx_word' id='word_1_162' title='bbox 436 3474 664 3575; x_wconf 84' lang='lat' dir='ltr'>refugium,</span> <span class='ocrx_word' id='word_1_163' title='bbox 683 3483 728 3557; x_wconf 86' lang='lat' dir='ltr'>ct</span> <span class='ocrx_word' id='word_1_164' title='bbox 745 3472 901 3556; x_wconf 89' lang='lat' dir='ltr'>virtus:</span> <span class='ocrx_word' id='word_1_165' title='bbox 919 3474 941 3525; x_wconf 62' lang='lat'>¹*</span> <span class='ocrx_word' id='word_1_166' title='bbox 959 3472 1135 3578; x_wconf 82' lang='lat' dir='ltr'>adjutor</span> <span class='ocrx_word' id='word_1_167' title='bbox 1154 3474 1198 3555; x_wconf 91' lang='lat' dir='ltr'>in</span> <span class='ocrx_word' id='word_1_168' title='bbox 1216 3474 1393 3559; x_wconf 85' lang='lat' dir='ltr'>tribula·</span> 
     </span>
     <span class='ocr_line' id='line_1_28' title="bbox 195 3575 1049 3682; baseline 0 -24"><span class='ocrx_word' id='word_1_169' title='bbox 195 3575 391 3660; x_wconf 83' lang='lat' dir='ltr'>tionibus</span> <span class='ocrx_word' id='word_1_170' title='bbox 411 3602 510 3682; x_wconf 87' lang='lat' dir='ltr'>quae</span> <span class='ocrx_word' id='word_1_171' title='bbox 530 3578 791 3663; x_wconf 71' lang='lat' dir='ltr'>invenerunt</span> <span class='ocrx_word' id='word_1_172' title='bbox 808 3601 890 3660; x_wconf 92' lang='lat' dir='ltr'>nos</span> <span class='ocrx_word' id='word_1_173' title='bbox 909 3577 1049 3659; x_wconf 77' lang='lat' dir='ltr'>nimis,</span> 
     </span>
    </p>
   </div>
   <div class='ocr_carea' id='block_1_11' title="bbox 180 3705 579 3792">
    <p class='ocr_par' dir='ltr' id='par_1_15' title="bbox 180 3705 579 3792">
     <span class='ocr_line' id='line_1_29' title="bbox 180 3705 579 3792; baseline -0.02 -17"><span class='ocrx_word' id='word_1_174' title='bbox 180 3709 356 3792; x_wconf 81' lang='lat' dir='ltr'>Repetitur</span> <span class='ocrx_word' id='word_1_175' title='bbox 378 3705 579 3788; x_wconf 78' lang='lat' dir='ltr'>Antiphone.</span> 
     </span>
    </p>
   </div>
   <div class='ocr_carea' id='block_1_12' title="bbox 101 3806 1393 4118">
    <p class='ocr_par' dir='ltr' id='par_1_16' title="bbox 101 3806 1393 4118">
     <span class='ocr_line' id='line_1_30' title="bbox 178 3806 1393 3914; baseline -0.001 -23"><span class='ocrx_word' id='word_1_176' title='bbox 178 3810 420 3914; x_wconf 76' lang='lat' dir='ltr'>Proptcrea</span> <span class='ocrx_word' id='word_1_177' title='bbox 442 3833 531 3892; x_wconf 91' lang='lat' dir='ltr'>non</span> <span class='ocrx_word' id='word_1_178' title='bbox 548 3806 802 3891; x_wconf 74' lang='lat' dir='ltr'>timebimus</span> <span class='ocrx_word' id='word_1_179' title='bbox 826 3807 932 3891; x_wconf 93' lang='lat' dir='ltr'>dum</span> <span class='ocrx_word' id='word_1_180' title='bbox 950 3809 1203 3894; x_wconf 60' lang='lat' dir='ltr'>turbabitur</span> <span class='ocrx_word' id='word_1_181' title='bbox 1222 3819 1361 3893; x_wconf 85' lang='lat' dir='ltr'>terra:</span> <span class='ocrx_word' id='word_1_182' title='bbox 1379 3821 1393 3849; x_wconf 77' lang='lat'>²</span> 
     </span>
     <span class='ocr_line' id='line_1_31' title="bbox 101 3913 1000 3998; baseline -0.003 -1"><span class='ocrx_word' id='word_1_183' title='bbox 101 3923 145 3997; x_wconf 89' lang='lat' dir='ltr'>et</span> <span class='ocrx_word' id='word_1_184' title='bbox 163 3913 483 3998; x_wconf 75' lang='lat' dir='ltr'>transferentur</span> <span class='ocrx_word' id='word_1_185' title='bbox 501 3920 675 3995; x_wconf 84' lang='lat' dir='ltr'>montes</span> <span class='ocrx_word' id='word_1_186' title='bbox 694 3913 738 3993; x_wconf 91' lang='lat' dir='ltr'>in</span> <span class='ocrx_word' id='word_1_187' title='bbox 758 3936 836 3995; x_wconf 90' lang='lat' dir='ltr'>cor</span> <span class='ocrx_word' id='word_1_188' title='bbox 855 3913 1000 3995; x_wconf 88' lang='lat' dir='ltr'>maris.</span> 
     </span>
     <span class='ocr_line' id='line_1_32' title="bbox 179 4034 578 4118; baseline -0.005 -20"><span class='ocrx_word' id='word_1_189' title='bbox 179 4037 354 4118; x_wconf 86' lang='lat' dir='ltr'>Repetitur</span> <span class='ocrx_word' id='word_1_190' title='bbox 377 4034 578 4117; x_wconf 82' lang='lat' dir='ltr'>Antiphona.</span> 
     </span>
    </p>
   </div>
   <div class='ocr_carea' id='block_1_13' title="bbox 101 4135 1393 4344">
    <p class='ocr_par' dir='ltr' id='par_1_17' title="bbox 101 4135 1393 4344">
     <span class='ocr_line' id='line_1_33' title="bbox 180 4135 1393 4240; baseline 0.002 -22"><span class='ocrx_word' id='word_1_191' title='bbox 180 4136 440 4237; x_wconf 69' lang='lat' dir='ltr'>Sonucrunt,</span> <span class='ocrx_word' id='word_1_192' title='bbox 460 4145 505 4220; x_wconf 86' lang='lat' dir='ltr'>et</span> <span class='ocrx_word' id='word_1_193' title='bbox 522 4135 714 4219; x_wconf 67' lang='lat' dir='ltr'>turbftae</span> <span class='ocrx_word' id='word_1_194' title='bbox 734 4145 836 4219; x_wconf 91' lang='lat' dir='ltr'>sunt</span> <span class='ocrx_word' id='word_1_195' title='bbox 854 4160 983 4240; x_wconf 84' lang='lat' dir='ltr'>aquae</span> <span class='ocrx_word' id='word_1_196' title='bbox 1003 4140 1202 4221; x_wconf 77' lang='lat' dir='ltr'>eorumz*</span> <span class='ocrx_word' id='word_1_197' title='bbox 1221 4151 1393 4224; x_wconf 88' lang='lat' dir='ltr'>contur·</span> 
     </span>
     <span class='ocr_line' id='line_1_34' title="bbox 101 4237 971 4344; baseline 0 -22"><span class='ocrx_word' id='word_1_198' title='bbox 101 4238 194 4324; x_wconf 69' lang='lat' dir='ltr'>bati</span> <span class='ocrx_word' id='word_1_199' title='bbox 214 4248 315 4322; x_wconf 86' lang='lat' dir='ltr'>sunt</span> <span class='ocrx_word' id='word_1_200' title='bbox 333 4248 507 4323; x_wconf 86' lang='lat' dir='ltr'>montes</span> <span class='ocrx_word' id='word_1_201' title='bbox 525 4238 570 4319; x_wconf 95' lang='lat' dir='ltr'>in</span> <span class='ocrx_word' id='word_1_202' title='bbox 589 4237 848 4322; x_wconf 85' lang='lat' dir='ltr'>fortitudine</span> <span class='ocrx_word' id='word_1_203' title='bbox 868 4241 971 4344; x_wconf 76' lang='lat' dir='ltr'>ejus,</span> 
     </span>
    </p>
   </div>
   <div class='ocr_carea' id='block_1_14' title="bbox 182 4367 578 4451">
    <p class='ocr_par' dir='ltr' id='par_1_18' title="bbox 182 4367 578 4451">
     <span class='ocr_line' id='line_1_35' title="bbox 182 4367 578 4451; baseline -0.008 -19"><span class='ocrx_word' id='word_1_204' title='bbox 182 4369 355 4451; x_wconf 82' lang='lat' dir='ltr'>Repetitur</span> <span class='ocrx_word' id='word_1_205' title='bbox 378 4367 578 4449; x_wconf 81' lang='lat' dir='ltr'>Antiphona.</span> 
     </span>
    </p>
   </div>
   <div class='ocr_carea' id='block_1_15' title="bbox 99 4467 1392 4658">
    <p class='ocr_par' dir='ltr' id='par_1_19' title="bbox 99 4467 1392 4658">
     <span class='ocr_line' id='line_1_36' title="bbox 178 4467 1392 4574; baseline 0.004 -24"><span class='ocrx_word' id='word_1_206' title='bbox 178 4467 389 4552; x_wconf 78' lang='lat' dir='ltr'>Fh&#39;iminis</span> <span class='ocrx_word' id='word_1_207' title='bbox 408 4474 599 4574; x_wconf 87' lang='lat' dir='ltr'>impetus</span> <span class='ocrx_word' id='word_1_208' title='bbox 618 4467 816 4553; x_wconf 86' lang='lat' dir='ltr'>laetificat</span> <span class='ocrx_word' id='word_1_209' title='bbox 836 4471 1062 4552; x_wconf 70' lang='lat' dir='ltr'>civitttem</span> <span class='ocrx_word' id='word_1_210' title='bbox 1081 4470 1181 4552; x_wconf 76' lang='lat' dir='ltr'>Deiz</span> <span class='ocrx_word' id='word_1_211' title='bbox 1200 4476 1220 4518; x_wconf 75' lang='lat'>‘¹‘</span> <span class='ocrx_word' id='word_1_212' title='bbox 1238 4471 1392 4555; x_wconf 81' lang='lat' dir='ltr'>sancti</span> 
     </span>
     <span class='ocr_line' id='line_1_37' title="bbox 99 4567 1034 4658; baseline 0.001 -6"><span class='ocrx_word' id='word_1_213' title='bbox 99 4567 250 4654; x_wconf 63' lang='lat' dir='ltr'>ficavit</span> <span class='ocrx_word' id='word_1_214' title='bbox 268 4570 605 4656; x_wconf 62' lang='lat' dir='ltr'>tabernaculum</span> <span class='ocrx_word' id='word_1_215' title='bbox 623 4596 751 4657; x_wconf 90' lang='lat' dir='ltr'>suum</span> <span class='ocrx_word' id='word_1_216' title='bbox 769 4572 1034 4658; x_wconf 88' lang='lat' dir='ltr'>Altissimus.</span> 
     </span>
    </p>
   </div>
   <div class='ocr_carea' id='block_1_16' title="bbox 0 0 1550 5094">
    <p class='ocr_par' dir='ltr' id='par_1_20' title="bbox 0 0 1550 5094">
     <span class='ocr_line' id='line_1_38' title="bbox 0 0 1550 5094; baseline 0 0"><span class='ocrx_word' id='word_1_217' title='bbox 0 0 1550 5094; x_wconf 95' lang='lat' dir='ltr'> </span> 
     </span>
    </p>
   </div>
  </div>
 </body>
</html>
