3090 5094
144 318 210 392 '138
529 327 579 389 Dc
602 326 836 389 Benedictione
860 328 1050 408 Campnnae.

144 495 268 597 vivit,·
297 505 341 581 et
366 505 522 600 regnat
546 496 592 580 in
617 496 789 582 unitote
814 495 1004 604 Spiritus
1032 495 1173 580 sancti
1195 494 1340 597 Deus,
1365 519 1449 601 per

145 600 294 686 omnia
319 599 483 686 so'ecula
509 599 783 686 soeculorum
838 608 890 713 R.
938 601 1092 686 Amen.

222 776 308 841 Turn
339 782 432 846 sedet
464 782 633 867 Pontifex,
666 794 696 847 et
729 794 863 867 acceptu
896 783 1007 863 mitra,
1038 775 1177 865 imponit
1204 802 1236 845 ιι]
1268 782 1440 845 thuribulo
1472 780 1474 851 i

139 872 334 957 thymiama,
358 878 450 951 tlrnS,
474 888 504 941 et
527 882 707 962 myrrham,
737 882 765 945 si
787 881 899 945 haberi
925 892 1079 963 possunt7
1107 880 1271 959 alioquin.
1297 897 1371 959 eluto
1399 899 1440 943 cn

141 968 222 1051 ipsis
243 971 419 1038 habentur:
436 974 554 1055 quibus
577 977 753 1061 impositis,
774 978 975 1041 thuribulum
996 978 1105 1059 ipsum
1127 977 1326 1057 supponitur
1343 973 1438 1039 (lurn-

141 1082 245 1149 pnnoe‚
270 1084 329 1131 seu
354 1071 460 1155 signo,
483 1086 518 1135 ut
541 1082 645 1137 totum
669 1071 794 1137 fumun]
819 1074 966 1157 recipiat,
993 1076 1110 1136 schola
1132 1074 1263 1136 interim
1286 1082 1438 1136 contante

141 1159 381 1245 Antiphontem:

1025 1270 1122 1324 Tonus
1135 1270 1213 1325 Vni.
1232 1270 1294 1325 Fin.
1310 1275 1334 1325 1.

201 1568 273 1647 De
295 1608 309 1621 ·
332 1588 384 1644 us
437 1562 481 1643 in
517 1570 696 1645 'sancto'
720 1561 763 1644 vi
804 1608 818 1622 ·
858 1588 884 1645 a
930 1571 978 1645 tu
999 1574 1012 1622 -“
1032 1589 1072 1646 a:
1102 1564 1200 1670 quis
1218 1564 1288 1648 De
1308 1590 1392 1647 -us

1215 1804 1474 1817 ——n——

203 1966 420 2045 ma-gnus
490 1941 646 2026 sic-ut
671 1942 740 2026 De
774 1988 788 2001 ·
822 1967 875 2025 us
927 1938 1121 2026 noster?

143 2090 1474 2301 tw

167 2317 235 2398 Ps.
253 2318 318 2398 76.
351 2318 571 2404 Vidorunt
596 2331 651 2404 tc.
722 2322 760 2404 E
800 2350 829 2405 u
871 2347 898 2407 0
938 2349 967 2406 u
1005 2348 1033 2404 a
1077 2346 1111 2403 e.

638 2501 640 2505 ’
675 2496 827 2559 i'sulrnus
852 2496 902 2560 iti.

142 2602 392 2793 Vidorunt
427 2625 473 2701 te
508 2641 637 2722 aquae
671 2616 809 2718 Deus,
844 2614 1049 2701 viderunt
1081 2625 1128 2702 te
1163 2641 1310 2724 aquae:
1344 2622 1367 2671 *
1400 2635 1474 2705 Ξ

238 2720 490 2822 timuorunt
517 2731 563 2806 et
587 2719 779 2806 turbotae
806 2730 909 2805 sunt
936 2719 1095 2827 abyssi.

205 2823 470 3014 bMultitudo
506 2827 679 2911 sonitus
715 2829 942 2932 aquosum:
975 2827 1186 2913 *vocem
1221 2826 1472 2914 dederim

144 2955 204 3014 nu
237 2954 296 3014 es.

229 3035 405 3120 Etenim
433 3038 609 3139 sagittae
631 3044 720 3119 tuae
747 3038 994 3119 transeunt:
1014 3035 1037 3087 *
1061 3058 1149 3119 vox
1172 3038 1363 3123 tonitrui
1381 3034 1474 3125 tui

143 3138 189 3222 in
215 3148 326 3224 rote

229 3242 475 3329 Illuxorunt
502 3243 832 3328 coruscationes
860 3250 949 3326 tuae
976 3241 1077 3327 orbi
1103 3250 1250 3328 terrae:
1279 3247 1301 3298 *
1327 3272 1437 3333 conr·

143 3352 265 3431 mota
295 3359 372 3452 est
401 3357 446 3434 et
473 3348 738 3433 contremuit
763 3357 893 3432 terra.

102 3534 105 3539 .
229 3454 282 3535 In
308 3453 418 3538 rnari
443 3453 517 3538 via
543 3462 635 3554 tua,
663 3462 707 3537 et
734 3452 902 3536 somitae
929 3460 1019 3535 tuae
1051 3451 1095 3534 in
1123 3452 1249 3559 aquis
1277 3457 1437 3545 multis:

146 3558 167 3608 *
195 3564 240 3642 et
266 3558 452 3663 vestigia
478 3567 556 3642 tua
582 3581 671 3641 non
699 3558 1030 3661 cognoscentur.

229 3659 467 3746 Deduxisti
498 3661 613 3745 sicut
641 3686 747 3746 oves
774 3659 991 3768 populum
1016 3669 1157 3764 tuum,
1185 3663 1211 3714 ’ἒ
1238 3663 1283 3745 in
1309 3690 1441 3759 manu

102 3772 108 3933 ι
144 3764 289 3873 Moysi
315 3774 359 3851 et
386 3767 550 3851 Aaron.

103 3936 108 3985 ,
231 3870 384 3956 Gloria
410 3871 543 3955 Patri.
586 3869 709 3954 Sicut
736 3879 840 3953 erat.
868 3879 949 3954 etc.
1467 3908 1472 4111 Ι

224 4006 352 4085 Quibus·
377 4006 481 4089 dietis,
506 4009 655 4089 ‹inprisitn
682 4010 790 4092 roton,
813 4012 917 4091 surgit
938 4010 1102 4091 Pontifcn
1127 4022 1155 4075 ct
1180 4014 1256 4075 elicit

692 4154 892 4236 (iromus.

147 4288 461 4481 Omnipotens
485 4283 735 4405 dominotor
761 4281 945 4404 Christe,
977 4308 1066 4404 quo
1084 4283 1330 4406 secundum
1352 4313 1443 4375 car·
1467 4138 1474 4359 ι

239 4390 308 4473 nis
339 4392 686 4496 assumptronem
714 4387 961 4473 dormrente
995 4416 1039 4471 rn
1074 4414 1196 4491 navr,
1229 4388 1337 4475 dum
1367 4394 1444 4480 ob·

146 4496 244 4578 orta
268 4497 509 4598 tempostas
535 4517 657 4576 mare
683 4490 1002 4595 conturbasset,
1029 4503 1074 4578 tc
1099 4493 1303 4599 protinus
1331 4501 1444 4583 exci-

46 4608 70 4661 ”“-
143 4600 240 4685 toto
269 4606 313 4682 et
338 4597 607 4705 imperantes
624 4595 824 4699 dissiluit
847 4605 897 4680 tu
922 4596 1261 4684 necessitatibus
1286 4603 1446 4708 populi
