3090 5094
572 372 630 417 scu
654 351 918 418 Consecrationc.
1336 352 1380 419 53

98 513 232 600 nobis
265 514 358 600 sine
385 516 520 602 dabio
547 518 830 623 profutaram.
882 519 969 605 Sed
1003 520 1039 603 si
1072 518 1239 604 tardius
1274 518 1378 605 dare

100 624 333 742 peccatum
361 631 446 722 est,
483 633 644 727 quanto
681 626 804 731 peius
838 634 903 708 est
938 649 1027 708 non
1062 622 1259 709 dedisse?
1310 626 1378 710 De

99 723 268 824 militra,
295 723 351 809 de
377 727 565 831 negotio
592 727 648 812 de
672 728 856 812 artificio
879 726 1015 813 redde
1035 729 1236 814 decimae.
1271 728 1380 812 Cum

102 828 222 913 enim
245 827 440 950 decimas
469 829 634 932 dando,
671 841 715 916 et
741 836 913 917 terrena
941 841 984 917 et
1011 833 1207 917 coelestia
1233 833 1379 939 possis

134 937 285 1054 panna
306 936 557 1039 promereri,
586 961 719 1041 quare
745 961 826 1043 pro
854 936 1035 1021 avaritia
1062 937 1226 1043 dripiici
1252 936 1380 1022 bene·
1447 1038 1450 1043 ¹

154 1040 297 1121 ctione
333 1037 570 1124 fraudaris?
621 1041 732 1125 Haec
773 1050 839 1126 est
878 1042 992 1125 enim
1027 1042 1111 1126 Dei
1145 1042 1381 1146 justissima

103 1140 398 1244 consuetrido,
432 1154 481 1228 ut
513 1144 552 1227 si
583 1154 632 1229 tu
663 1145 725 1228 illi
754 1144 966 1230 decimam
992 1171 1079 1231 non
1107 1144 1298 1247 dederis,
1331 1156 1380 1231 tu

102 1244 162 1330 ad
197 1245 410 1331 decimam
444 1249 674 1332 revoceris.
733 1250 871 1334 Dabis
906 1254 965 1333 im
997 1250 1040 1334 io
1076 1248 1222 1350 militi,
1259 1249 1378 1354 quod

102 1375 193 1434 non
219 1350 286 1432 vis
310 1349 419 1473 dare
444 1351 691 1457 Sacerdati3
728 1365 771 1439 et
806 1354 892 1438 hoc
923 1278 1038 1439 toflit
1072 1355 1223 1455 fiscus,
1260 1353 1379 1459 quod

101 1479 193 1538 non
228 1458 388 1561 accrprt
425 1454 634 1541 Christus.
700 1459 986 1544 Revertimini
1021 1458 1078 1543 ad
1112 1484 1202 1560 me,
1239 1457 1380 1564 inquit

102 1557 318 1643 Deminus
345 1560 463 1667 apud
488 1561 771 1668 Prophetam,
806 1574 849 1648 et
875 1566 1069 1648 revertar
1098 1562 1155 1646 ad
1181 1587 1272 1647 vos.
1323 1563 1380 1646 Et

104 1661 297 1785 dixistis:
323 1663 375 1746 In
401 1689 498 1786 quo·
512 1667 802 1788 revertemur?
832 1667 878 1751 Si
905 1667 1050 1771 affiget
1077 1665 1209 1752 homo
1226 1666 1378 1768 Deum,

104 1792 208 1874 qura
233 1792 314 1851 vos
342 1769 559 1874 configrtrs
586 1770 679 1856 me?
732 1772 789 1856 Et
816 1770 1007 1855 dixistis:
1041 1771 1094 1854 In
1127 1795 1214 1876 quo
1248 1771 1378 1854 confi-

102 1871 247 1977 gimus
274 1870 341 1956 te?
390 1872 443 1955 In
470 1873 661 1976 decimis,
689 1885 733 1960 et
759 1876 803 1959 in
829 1874 1042 1982 primitiis.
1094 1875 1151 1958 Et
1176 1874 1221 1956 in
1247 1880 1379 1979 pena·

102 1977 170 2060 ria
196 2000 278 2060 vos
312 1975 534 2062 maledicti
570 1979 694 2078 estis,
731 1989 775 2064 et
807 2004 877 2063 me
903 2003 982 2062 vos
1019 1977 1237 2081 configitis
1273 2002 1379 2080 gens

102 2090 209 2164 tota
262 2079 425 2166 Inferte
460 2106 633 2167 omnem
666 2083 879 2169 decimam
912 2082 957 2166 in
992 2082 1216 2182 harreum,
1253 2091 1296 2165 et
1323 2081 1380 2166 sit

103 2183 229 2269 cibus
254 2185 298 2266 in
325 2184 457 2270 domo
484 2212 592 2286 mea,
621 2198 664 2272 et
688 2187 875 2295 probate
900 2212 970 2273 me
998 2212 1129 2293 super
1151 2184 1245 2286 hoc,
1273 2184 1380 2269 dicit

101 2289 336 2373 Dominus:
362 2290 400 2373 si
426 2315 514 2374 non
541 2298 753 2398 aperiero
774 2291 901 2380 vobis
929 2295 1170 2376 cataractas
1198 2289 1309 2387 coeli,
1336 2298 1380 2373 et

101 2391 299 2478 effidero
335 2393 461 2478 vobis
500 2394 852 2481 benedictienem
890 2420 1029 2500 usque
1068 2393 1124 2478 ad
1161 2392 1379 2477 abundan-

99 2497 230 2599 tiam,
266 2506 310 2581 et
345 2498 581 2605 increpabo
610 2524 691 2607 pro
719 2499 846 2584 vobis
874 2499 1174 2598 devorantem,
1211 2505 1255 2581 et
1291 2521 1379 2580 non

98 2608 354 2731 corrrimpet
388 2601 576 2725 fructprn
611 2614 740 2726 terrae
772 2614 1066 2733 vestrae3‘nec
1102 2601 1184 2685 erit
1219 2600 1378 2685 sterilis

98 2703 1377 2933 ffiefflpatggssfflnfflnds{3323

99 2912 361 3016 srderabrhs,
389 2915 496 3000 d1c1t
513 2916 727 3000 demus
755 2920 1031 2999 exercituum.
1071 2910 1287 2996 Emtanda
1312 2922 1378 2996 est

97 3023 252 3122 itaque
277 3019 456 3104 Demini
482 3018 737 3124 indignatio,
765 3016 984 3103 solvendae
1012 3015 1207 3116 decimae,
1235 3025 1278 3100 et
1305 3015 1377 3099 tri-

97 3122 210 3207 bata
243 3123 390 3209 divina
420 3122 732 3230 persolvenda,
766 3147 847 3207 nec
881 3147 962 3228 pro
998 3119 1229 3227 temporali
1264 3123 1377 3203 com-

97 3226 235 3312 modo
274 3225 511 3312 amittenda
547 3237 647 3310 sunt
684 3233 884 3311 secutdra
919 3225 1052 3328 bona,
1093 3249 1191 3329 quae
1228 3247 1377 3329 exspe-

100 3335 287 3416 ctantur.
338 3331 556 3428 Memores
584 3356 688 3434 ergo
715 3330 810 3414 haec
837 3328 1040 3435 accipite,
1067 3327 1221 3412 fratres
1250 3333 1377 3411 caris-

100 3435 214 3537 simi,
242 3445 286 3520 et
309 3435 531 3520 intellecta
549 3460 629 3542 pro
650 3433 868 3519 desiderio
889 3433 1114 3539 complete,
1141 3442 1189 3517 ut
1215 3435 1378 3517 aeterna

98 3564 185 3647 pro
212 3539 527 3647 temporalibus
554 3542 752 3645 accipere
777 3536 991 3622 beneficia
1016 3536 1277 3621 mereamini.

192 3688 454 3752 Archidiaconus
479 3691 564 3770 legat
588 3688 755 3769 sequentia
779 3687 844 3749 duo
868 3685 998 3748 decreta
1020 3686 1220 3750 sacrosancti
1241 3685 1378 3750 Concilii

60 3798 62 3903 t
101 3784 295 3848 Tridentini.
432 3865 492 3939 ses

491 3889 515 3938 s.
537 3870 594 3939 22.
617 3887 689 3957 cop.
711 3863 777 3936 XI.
800 3865 842 3936 de
863 3861 1050 3951 Reformoa.

156 3990 166 4007 ‘
205 4013 335 4096 quem
370 3988 646 4088 clericorum,
681 3984 752 4069 vel
777 3984 1006 4085 laicorum,
1072 3989 1227 4067 uacam
1259 4007 1314 4066 ue
1338 3983 1376 4066 is

104 3996 404 4198 Sldignitate,
436 4093 566 4176 etiam
592 4089 822 4197 imperiali,
848 4097 924 4172 aut
949 4008 1084 4191 regadi
1138 4112 1202 4208 rae
1231 4093 1240 4112 '
1266 4095 1376 4191 gear,

100 4199 148 4283 in
180 4207 349 4283 tantum
381 4196 594 4281 maldrum
622 4195 814 4279 omnium
845 4190 971 4276 radix
1003 4114 1218 4297 cupidrtas
1252 4214 1376 4274 occu·

99 4303 284 4410 paverit,
311 4312 360 4387 ut
387 4301 566 4405 alicrijus
584 4299 804 4398 Ecclesiae,
832 4322 910 4381 seu
934 4295 1121 4401 cujdsvis
1146 4293 1376 4397 saecularis,

102 4407 173 4492 vel
191 4406 401 4511 regularis
420 4403 631 4503 beneficii,
657 4402 871 4486 Montium
893 4399 1080 4506 pietatis,
1106 4396 1376 4503 aliorirmque

101 4511 277 4618 piorum
294 4510 491 4595 locatum
509 4506 841 4616 jurisdictianes,
868 4502 995 4604 bona,
1022 4526 1188 4600 census,
1216 4526 1267 4585 ac
1284 4504 1377 4609 jura

103 4616 236 4700 etiam
253 4614 453 4717 feudalia,
471 4623 516 4699 et
533 4610 866 4719 emphyteutica,
882 4608 1059 4709 fructus,
1076 4606 1375 4707 emolumenta,
