3150 5094
498 343 551 407 De
572 344 807 410 Benedictiune
830 344 1020 429 Cumpuuae.
1343 346 1406 413 129

192 506 383 632 Adjutur
405 532 541 609 meus,
565 518 609 593 et
636 507 851 595 liberator
873 536 997 596 meus
1021 541 1069 600 cs
1092 524 1154 600 tu:
1177 515 1379 599 *Dimin

106 635 163 695 ne
189 619 506 816 giggzlsi'atri,
535 726 579 802 et
605 717 728 819 Filio,
755 720 777 771 *
806 727 850 804 et
877 719 1058 827 Spiritui
1085 730 1249 806 sanctu
1375 668 1378 675 Δ

191 821 314 909 Sicut
341 828 436 908 erat
461 818 507 901 in
532 822 766 930 principio,
795 831 839 908 ct
866 851 995 927 nunc,
1024 834 1067 910 et
1095 852 1284 933 semper,
1311 829 1333 880 *
1361 838 1405 913 et

103 926 150 1008 in
176 928 339 1013 se'ecula
367 922 641 1011 saeculorum.
674 927 850 1012 ‚Ameu

638 1144 793 1210 l'suhuus
817 1147 869 1211 85.

106 1278 281 1471 Inciina
308 1280 497 1402 D6mine
525 1305 676 1365 aurem
696 1289 840 1387 ¹tuam,
874 1285 918 1361 et
951 1276 1111 1363 exaudi
1135 1305 1222 1363 me:
1248 1278 1271 1331 *
1299 1283 1403 1386 quii-

165 1395 1007 1574 nfflsltgcliipgfiireriaffiurrpigzriniumugffim
1038 1496 1216 1573 sanctus
1243 1514 1354 1573 sum:
1381 1491 1404 1543 *

104 1591 275 1677 salvum
313 1594 383 1678 iac
424 1620 600 1679 servum
640 1603 779 1693 tuum,
860 1616 938 1676 eus
972 1618 1113 1694 meus,
1150 1597 1403 1699 sperantem

103 1696 149 1779 in
174 1706 231 1781 te.

189 1801 399 1886 Miserere
435 1801 522 1885 mei
552 1800 761 1901 Domine,
798 1800 1006 1906 queniam
1041 1799 1099 1884 ad
1134 1809 1179 1885 te
1215 1801 1402 1886 clamivi

104 1912 202 1989 tota
228 1904 314 1990 die:
331 1908 354 1957 *
370 1905 548 1990 laetifica
575 1906 764 1990 unimam
791 1905 907 1990 servi
933 1906 1009 2008 tui,
1038 1905 1245 2012 qusniam
1271 1904 1328 1990 ad
1355 1915 1402 1992 te

102 2008 293 2095 Drimine
321 2011 510 2093 inimum
537 2035 681 2094 meam
706 2009 860 2094 levivi.
1339 2024 1342 2029 ’
1390 2050 1392 2054 ·
1436 2086 1443 2139 Ι

193 2115 410 2217 Quoniam
436 2124 485 2197 tu
508 2115 696 2198 Domine
724 2114 883 2215 suevis,
912 2122 956 2198 et
982 2113 1114 2197 mitis:
1137 2115 1159 2166 *
1186 2121 1230 2199 et
1251 2112 1401 2197 multae

102 2217 419 2303 misericordiae
448 2217 650 2302 Omnibus
677 2217 985 2304 invocantibus
1010 2227 1066 2303 te.

189 2321 385 2408 Auribus
415 2324 596 2432 percipe
622 2323 812 2407 Domine
845 2324 1089 2409 oraticnem
1118 2346 1278 2407 meam:
1307 2324 1401 2407 *et

103 2426 281 2513 intende
308 2428 408 2512 voci
434 2428 490 2514 de
525 2427 760 2511 recutiunis
787 2454 911 2513 meae.
1435 2432 1440 2507 i

189 2533 241 2614 In
275 2527 348 2617 die
379 2532 466 2616 trib
515 2531 674 2617 atidnis
705 2557 817 2616 meae
851 2532 1037 2617 clamavi
1070 2531 1127 2617 ad
1159 2539 1219 2615 te:
1251 2530 1273 2582 *
1301 2531 1403 2637 quia
1435 2514 1439 2585 ἔ

103 2635 323 2721 exaudisti
348 2663 430 2722 me.
1435 2654 1440 2683 ²

188 2739 292 2825 Non
319 2749 387 2825 est
416 2740 569 2825 similis
598 2740 663 2825 tui
687 2739 732 2824 in
761 2739 844 2824 diis
869 2739 1073 2824 D6mine:
1099 2738 1122 2791 *
1147 2747 1192 2824 et
1217 2764 1307 2823 non
1335 2749 1403 2824 est

103 2844 347 2930 secundum
375 2849 511 2953 spera
537 2852 624 2928 tua.
1243 2931 1248 2941 ,
1434 2912 1439 2950 ,

189 2948 353 3034 Omnes
388 2959 542 3056 gentes
580 2954 880 3055 quascumque
918 2946 1081 3047 fecisti,
1121 2945 1316 3049 venient,
1356 2958 1439 3045 et}

103 3052 353 3138 adoribunt
379 3079 529 3139 coram
555 3064 599 3138 te
626 3053 829 3137 Dumine:
862 3055 884 3104 *
912 3061 956 3138 et
987 3048 1297 3157 glorificabunt
1324 3077 1400 3136 no·
1433 3056 1439 3165 ξ

103 3184 205 3243 men
232 3168 367 3243 tuum.
1433 3184 1438 3243 ι

190 3262 407 3364 Quoniam
433 3287 617 3366 magnus
645 3286 693 3346 es
720 3269 780 3363 tu,
803 3268 848 3344 et
875 3260 1041 3345 ficiens
1064 3258 1296 3344 mirabilia:
1313 3262 1401 3346 *tu
1433 3250 1438 3373 ξ

104 3391 153 3451 es
179 3364 301 3452 Deus
329 3368 461 3451 solus.
1432 3382 1438 3413 ·’

190 3470 347 3556 Deduc
382 3497 452 3556 me
488 3470 677 3554 Dumine
710 3469 754 3551 in
788 3468 859 3552 via
885 3479 981 3569 tua,
1019 3478 1063 3554 et
1099 3466 1320 3573 ingrediar
1357 3416 1438 3557 ini

100 3573 289 3660 veritate
315 3585 406 3660 tua:
433 3578 455 3627 *
481 3575 656 3659 laetetur
689 3598 767 3657 cor
798 3600 945 3658 meum
977 3581 1026 3657 ut
1057 3577 1210 3659 timeat
1242 3597 1401 3658 nomen

101 3688 238 3764 tuum.

189 3781 444 3868 Confitcbor
467 3782 548 3869 tibi
570 3781 760 3866 Domine
784 3782 907 3866 Deus
928 3806 1053 3867 meus
1076 3782 1120 3866 in
1144 3792 1242 3868 toto
1267 3780 1400 3867 corde

100 3912 213 3989 meo,
239 3889 262 3940 *
289 3896 333 3972 et
359 3887 616 3992 glorificabo
643 3911 803 3970 nomen
829 3897 954 3972 tuum
979 3887 1024 3970 in
1051 3891 1280 3972 aeternum:

189 3991 301 4095 Quia
328 3991 631 4077 misericrirdia
658 4001 734 4075 tua
758 4017 917 4095 magna
944 4001 1012 4077 est
1040 4017 1174 4099 super
1199 4017 1285 4076 me:
1312 3990 1399 4075 *et

101 4096 256 4181 eruisti
284 4096 473 4180 unimam
498 4123 643 4182 meam
674 4122 729 4181 ex
755 4095 925 4180 inferno
953 4096 1159 4182 inferiori.

187 4200 320 4302 Deus,
342 4200 482 4308 iniqui
506 4200 838 4285 insurrexerunt
856 4226 990 4308 super
1009 4227 1090 4302 me,
1114 4212 1158 4285 et
1176 4202 1402 4305 synagoga

99 4306 345 4411 potentium
375 4305 643 4413 quaesierunt
671 4306 860 4388 inimum
886 4331 1046 4391 meam:
1069 4304 1154 4390 *et
1182 4328 1269 4387 non
1296 4326 1397 4410 pro-

101 4412 346 4516 posuerunt
372 4419 419 4495 te
445 4411 490 4493 in
514 4413 756 4517 conspectu
784 4436 878 4495 suo.

186 4514 246 4598 Et
277 4523 325 4599 tu
356 4514 546 4599 Dumine
579 4514 700 4598 Deus
732 4513 968 4599 miseritor
999 4522 1044 4599 et
1079 4512 1346 4614 misericors,
1380 4512 1404 4564 ¹³

99 4617 286 4725 petiens,
312 4629 358 4706 et
384 4619 535 4705 multae
562 4618 889 4723 misericordie
917 4629 961 4705 et
988 4644 1136 4705 verax.
1334 4658 1336 4662 ¹

1435 2708 1440 2767 r

1433 2780 1440 2909 i

190 4848 480 4905 muPoneRom.
1218 4842 1248 4907 ¹3
