3090 5094
571 359 629 404 seu
653 339 919 405 Consecratione.
1347 334 1389 399 39

174 503 357 589 Psallite
383 506 501 607 Deo,
536 506 612 612 qui
645 504 843 590 ascendit
876 531 1008 610 super
1035 506 1197 590 coelum
1221 503 1340 605 eoeli,
1367 507 1389 556 *

50 675 51 692 i
96 607 159 692 ad
186 607 421 694 Orientem.
1090 646 1093 651 ·

50 767 51 801 l
175 712 292 798 Ecce
327 712 449 798 dabit
481 713 580 797 voci
616 739 708 796 suae
740 739 897 799 vocem
930 713 1125 816 virtutis,
1161 713 1267 812 date
1294 712 1388 822 gld-

50 810 52 873 ¹
96 816 210 900 riam
235 818 332 902 Deo
361 843 492 926 super
518 817 677 922 Israel,
702 817 1075 925 *lmagnifieentia
1103 821 1204 926 ejus,
1233 827 1277 903 et
1304 818 1389 901 vir·

96 929 172 1004 tus
201 923 292 1042 ejus
318 923 364 1006 in
389 921 592 1043 mibibuu
1296 1026 1305 1046 ι

177 1024 391 1110 Mirabilis
418 1028 540 1111 Deus
567 1051 612 1108 m
640 1027 804 1112 sanctis
831 1027 942 1129 suis,
975 1028 1097 1112 Deus
1125 1026 1266 1111 Israel
1292 1052 1390 1133 1pse

98 1127 224 1318 &bg
249 1130 477 1318 vifitr'rtem,
511 1139 555 1215 et
581 1130 885 1217 fortitudinem
909 1131 1031 1239 plebi
1058 1157 1170 1233 suae,
1202 1132 1224 1184 *
1259 1131 1388 1216 bene·

149 1259 173 1317 c
223 1259 244 1316 s
315 1261 403 1319 eur.

185 1379 226 1441 ‚m
248 1396 315 1443 non
337 1379 457 1442 dicitnr
480 1373 596 1440 Gldrin
615 1375 715 1440 Patn'.

187 1495 321 1556 Interim
343 1493 497 1557 Pontifex
523 1495 676 1579 secrmd0‚
701 1515 759 1577 per
780 1496 929 1559 eamdem
944 1497 1033 1561 viam
1051 1498 1220 1581 circuienS,
1245 1501 1391 1581 aspergit

100 1589 239 1670 parietes
267 1591 425 1652 Ecclesia
456 1591 489 1653 in
520 1591 647 1675 medio,
680 1591 714 1654 id
738 1600 803 1676 est,
837 1594 920 1655 circa
952 1593 1155 1656 altitudinem
1187 1593 1282 1657 faciei
1313 1614 1390 1679 suae,

99 1685 230 1749 rediens
254 1705 358 1767 usque
383 1685 423 1749 ad
446 1688 555 1751 locum
579 1689 666 1752 unde
691 1689 856 1752 discessit:
889 1707 953 1770 quo
978 1689 1080 1772 facto,
1114 1708 1152 1752 ac
1174 1688 1276 1754 finitis
1298 1690 1389 1754 Anti-

99 1783 218 1863 phone,
242 1792 273 1845 et
295 1784 429 1846 Psalmo
452 1786 628 1867 praedietis,
652 1786 764 1848 schola
787 1794 898 1848 cantat
919 1784 1158 1866 Antiphonam:

927 1921 1023 1974 Tonus
1042 1921 1118 1973 VIII.
1188 1921 1247 1974 Pin.
1265 1923 1287 1974 1.

142 2235 244 2327 Qui
270 2232 507 2319 habi-tat
533 2235 578 2317 in
611 2233 777 2341 adju-td
795 2281 809 2295 ·
826 2235 936 2319 ri·o
1015 2233 1317 2335 Altis-simi,

178 2602 426 2717 inproteeti
441 2656 455 2670 ·
471 2614 570 2695 dne
601 2611 669 2694 De
691 2656 705 2670 ·
723 2611 739 2693 i
782 2635 851 2694 coe
871 2611 935 2694 -li
966 2618 1189 2696 commora
1203 2659 1217 2674 ·
1231 2613 1377 2698 bi-tur.

126 3000 195 3081 Pu.
210 3002 282 3082 90.
309 2999 441 3085 Dicet
458 2999 666 3083 Domino:
692 2999 931 3106 susceptor
950 3025 1084 3085 meua.

635 3147 785 3210 Psalmus
809 3147 860 3209 90.

97 3240 257 3432 Dicet
283 3249 493 3333 deino:
525 3251 764 3358 Susceptor
791 3276 914 3336 meus
942 3276 990 3336 es
1017 3260 1076 3351 tu,
1104 3259 1149 3335 et
1175 3249 1392 3355 refugium

185 3379 348 3438 meum:
375 3353 544 3440 *Deus
571 3381 695 3440 meus
723 3355 913 3463 sperabo
941 3356 986 3439 in
1013 3381 1122 3441 eum.

180 3458 398 3561 Qudniam
423 3459 520 3565 ipse
545 3458 749 3545 liberavit
777 3486 847 3545 me
875 3459 931 3545 de
949 3460 1109 3566 laqueo
1128 3460 1392 3562 venantium,

99 3564 123 3615 *
152 3572 197 3647 et
224 3587 250 3646 a
276 3561 414 3648 verbo
442 3567 613 3670 dspero.

132 3773 142 3791 ι
179 3664 396 3789 Scapulis·
416 3667 507 3752 suis
542 3666 823 3753 obumbrabit
858 3667 959 3754 tibi:
991 3671 1013 3720 *
1049 3679 1093 3754 et
1127 3669 1209 3755 sub
1235 3670 1392 3776 pennis

103 3769 633 3997 elugcsfftssrmgssumdabit
660 3884 705 3960 te
731 3875 895 3960 veritas
914 3878 1024 3983 ejus:
1051 3877 1073 3929 *
1098 3903 1188 3963 non
1214 3876 1391 3965 timebis

100 4005 129 4063 a
156 3983 315 4064 t1m6re
342 3986 572 4064 nocturno,

180 4084 223 4167 A
248 4088 408 4188 sagitta
425 4083 604 4168 volante
627 4084 672 4167 in
696 4081 779 4187 die²
805 4108 832 4167 a
857 4086 1035 4189 negatio
1059 4085 1392 4194 perambulante

99 4186 387 4273 intenebris:
414 4190 436 4239 *
463 4186 519 4272 ab
546 4187 734 4289 incursu,
762 4197 806 4272 et
834 4187 1053 4275 daemdnio
1081 4189 1335 4276 meridiano.

182 4291 351 4377 Cadent
378 4318 404 4376 a
430 4292 568 4376 latere
590 4302 668 4377 tuo
692 4291 823 4394 mille,
850 4302 894 4377 et
918 4292 1071 4380 decem
1089 4296 1225 4379 millia
1244 4320 1270 4379 a
1289 4295 1391 4382 dex-

101 4397 184 4483 tris
210 4397 317 4481 tuis:
344 4399 366 4448 *
394 4396 451 4482 ad
478 4406 523 4482 te
550 4406 697 4481 autem
723 4421 814 4480 non
840 4399 1224 4521 appropinquabit.

179 4500 497 4587 Verumtamen
524 4501 663 4585 dculis
690 4500 779 4586 tuis
807 4503 1125 4590 considerable:
1151 4506 1174 4557 *
1201 4515 1246 4590 et
1268 4507 1392 4593 retri·
1437 4596 1440 4601 ,

102 4603 332 4692 butidnem
356 4610 641 4713 peccaturum
667 4605 849 4694 videbis.
1294 4630 1296 4634 “
1524 4635 1530 4643 ·
