3090 5094
145 354 184 421 2*
501 358 634 441 Septem
658 360 782 423 Psalmi
806 360 1063 423 Poenitentiales

230 525 445 627 Quoniam
474 526 545 613 die
572 554 624 614 ac
647 538 778 613 nocte
800 532 983 632 gravata
1006 538 1072 613 est
1100 553 1329 634 super-me
1352 554 1445 612 ma·

143 655 226 751 nus
244 631 377 753 tuag*
394 636 632 718 conversus
651 658 748 717 sum
764 632 815 734 in¹
828 638 1023 716 aerrimna
1041 657 1156 733 mea,
1181 630 1286 751 dum
1305 632 1443 717 conii-

143 745 452 925 ffimsspppphl
477 866 623 925 meum
650 841 874 945 cognitum
901 839 981 926 tibi
1011 839 1114 925 feci:
1148 842 1170 892 *
1200 851 1245 926 et
1275 841 1441 945 injusti·

143 943 250 1028 tiam
276 969 420 1028 meam
447 970 536 1030 non
564 944 787 1031 abscondi.

229 1046 351 1143 Dixi:
380 1048 636 1135 Confitebor
662 1049 896 1157 adversum
922 1073 993 1132 me
1019 1049 1273 1155 injustitiam
1295 1073 1440 1132 meam

143 1152 356 1238 Domino:
382 1155 405 1206 ⁴¹
431 1165 476 1240 ct
502 1163 551 1240 tu
578 1155 785 1240 remisisti
810 1152 1082 1263 impietatem
1108 1153 1281 1264 peceati
1308 1153 1409 1238 mei

230 1256 421 1386 Pro'hac
441 1258 586 1345 orabit
603 1258 661 1344 ad
678 1270 723 1345 te
742 1260 883 1343 omnis
903 1269 1090 1361 sanctus,
1116 1259 1140 1311 *
1165 1258 1210 1342 in
1235 1261 1438 1367 tempore

145 1370 548 1552 Oppisietrliiffiamen
564 1467 618 1589 ‚in
647 1466 811 1553 diluvio
840 1471 1055 1575 aquarum
1076 1466 1324 1599 muitarum,
1344 1469 1367 1518 *
1384 1464 1478 1553 ar!

146 1593 380 1758 011111Τιῐιιοὲε
389 1571 805 1780 8ξὲἱὲᾉυῖἐέηὲἑῶ
831 1701 857 1760 a
884 1674 1184 1778 tribulatione,
1222 1624 1323 1782 quae
1358 1627 1478 1760 cin*

144 1777 370 1968 capmdedit
388 1805 477 1864 me:
496 1783 518 1833 *
537 1781 772 1868 exsultatio
790 1803 889 1864 mea
911 1782 1015 1865 erue
1033 1805 1105 1867 me
1123 1807 1150 1865 a
1167 1774 1478 1869 circumdans

143 1883 260 1966 tius
287 1907 369 1968 me.
644 1926 646 1931 >
1313 1899 1316 1903 ’

230 1986 508 2073 Intellectum
534 1988 615 2074 tibi
642 1987 770 2091 dabo,
799 1999 844 2074 et
870 1994 1083 2074 instruam
1108 1998 1153 2074 te
1179 1988 1224 2071 in
1248 1987 1320 2073 via
1348 1986 1478 2074 han

146 2115 233 2198 qua
311 2090 492 2177 adieris:
518 2094 542 2146 *
567 2092 755 2178 firmabo
783 2117 916 2202 super
943 2103 987 2178 te
1012 2092 1166 2179 oculos
1190 2117 1329 2181 meos.

274 2197 379 2281 olite
406 2197 503 2281 fieri
530 2199 643 2284 sicut
671 2223 810 2306 equus
843 2209 888 2285 et
918 2197 1080 2299 mulus,
1108 2200 1130 2250 *
1158 2195 1318 2305 quibus
1354 2218 1410 2281 no

147 2308 216 2383 est
241 2299 502 2387 intellectus.
1281 2296 1288 2328 “

208 2405 278 2528 ‚In
305 2430 431 2490 camo
460 2417 505 2492 et
535 2404 674 2529 fraeno
706 2406 907 2491 maxillas
938 2408 1092 2491 earum
1119 2408 1393 2510 constringe,
1449 2413 1477 2457 ⁴

145 2510 856 2741 thppptaappprppprappcappbppg’
883 2617 1182 2738 *sperantem
1216 2624 1368 2701 autem
1396 2614 1435 2697 in

143 2716 336 2804 Dommo
362 2723 590 2807 mrsencor
639 2746 665 2804 a
691 2719 992 2806 encamdabrt.

228 2821 460 2908 Laetamini
484 2825 529 2908 in
556 2824 748 2910 Domino
777 2835 822 2910 et
844 2823 1061 2913 exsultate
1088 2822 1198 2928 justi,
1226 2825 1248 2874 *
1276 2831 1322 2910 et
1348 2824 1428 2928 gio·

144 2925 315 3010 riamini
343 2954 495 3013 omnes
521 2930 633 3015 recti
661 2928 805 3015 corde.

231 3030 383 3116 Gloria
410 3034 541 3118 Patri.
589 3035 711 3120 Sicut
737 3044 840 3135 erat,
868 3043 949 3118 etc.

669 3183 824 3247 Psaimus
849 3182 900 3246 37.

209 3276 354 3361 omine
381 3302 436 3361 ne
462 3276 508 3359 in
534 3276 683 3362 irrrarc
709 3287 787 3363 tuo
807 3281 966 3381 arguas
990 3301 1072 3378 me,
1100 3278 1122 3328 *
1148 3300 1293 3383 neque
1312 3276 1359 3358 in
1375 3275 1437 3362 ira

221 3389 298 3465 tua
325 3380 540 3489 corripias
567 3406 649 3466 me.

229 3486 446 3587 Quoniam
474 3489 647 3589 sagittae
675 3496 762 3571 tuae
780 3485 927 3570 iniixae
947 3495 1049 3570 sunt
1066 3482 1191 3569 mihi:
1217 3483 1239 3535 *
1266 3492 1312 3567 et
1337 3508 1437 3569 con·

143 3589 330 3673 firmasti
355 3613 487 3696 super
513 3615 584 3674 me
611 3600 788 3675 manum
813 3599 945 3675 tuam.

228 3691 330 3777 Non
358 3706 425 3777 est
452 3694 616 3778 sanitas
643 3696 687 3779 in
715 3720 844 3780 carne
867 3719 1015 3780 meaa
1038 3692 1148 3777 facie
1174 3691 1253 3776 irae
1278 3701 1391 3776 tuae:
1417 3696 1438 3746 *

144 3823 234 3882 non
253 3806 321 3881 est
337 3823 424 3904 pax
445 3797 618 3884 ossibus
636 3799 746 3883 meis
764 3799 914 3885 aiacie
929 3802 1212 3906 peecatorum
1225 3800 1438 3881 meorum.

231 3902 445 4002 Quoniam
464 3903 716 4010 iniquitates
735 3928 845 3987 meae
865 3905 1164 4010 supergressae
1183 3910 1284 3985 sunt
1303 3913 1439 4009 caput

143 4030 306 4089 meum:
332 4008 353 4058 *
378 4015 421 4090 et
446 4006 559 4091 sieut
582 4034 693 4093 onus
714 4034 849 4111 grave
867 4012 1063 4111 gravatae
1082 4015 1184 4090 sunt
1201 4031 1337 4112 super
1355 4032 1436 4091 me.

229 4111 494 4197 Putrucrunt
520 4122 564 4197 et
590 4118 812 4220 corruptae
837 4121 939 4198 sunt
964 4112 1191 4197 cicatrices
1215 4135 1342 4211 meae,
1366 4113 1437 4194 *a

145 4212 257 4297 faeie
283 4214 544 4322 insipientiae
571 4243 693 4303 meae.

230 4317 365 4402 Miser
384 4320 524 4403 factus
545 4346 652 4421 sum,
671 4332 715 4407 et
734 4324 941 4405 curvatus
960 4346 1057 4403 sum
1075 4344 1214 4425 usque
1228 4318 1273 4403 in
1286 4319 1435 4405 finem:

145 4422 286 4508 *tota
313 4422 384 4507 die
412 4426 696 4511 contristatus
721 4423 1008 4528 ingrediebar.

232 4527 447 4627 Quoniam
479 4529 615 4615 lumbi
644 4530 732 4614 mei
758 4530 930 4636 impleti
960 4539 1061 4614 sunt
1092 4526 1389 4614 illusionibus:
1415 4530 1435 4578 *

145 4639 191 4715 et
217 4654 307 4714 non
334 4643 401 4718 est
427 4633 591 4718 sanitas
618 4635 662 4717 in
689 4658 820 4718 carne
846 4659 954 4719 mea.
1116 4669 1119 4673 ⁴
