3090 5094
194 346 237 411 52
601 345 648 405 lle
670 342 827 405 Ecclesia*
849 342 1062 405 Dedicationc

193 515 313 598 tione
339 510 599 611 habuerunt3
625 508 923 612 immunesque
948 505 1003 592 ab
1028 508 1145 591 omni
1168 506 1344 613 vulgari
1366 508 1462 589 stro

194 614 586 808 hilarianiiiih
600 609 1464 823 tilithi?hithhamahti

194 827 454 913 moderetur.
501 826 696 929 Eamque
721 780 947 930 privilegii,
975 834 1018 909 et
1044 824 1335 910 immunitatis
1364 848 1464 932 prae

196 939 437 1038 rogativam
468 932 628 1016 habere
658 931 907 1035 voluerunt3
946 940 995 1015 ut
1030 932 1068 1015 si
1104 932 1201 1055 quis
1235 930 1465 1016 temerarie

196 1038 426 1142 sacrilegas
452 1062 604 1120 manus
632 1040 919 1157 apposuisset,
945 1036 1213 1156 graviss1mis
1240 1034 1465 1143 suppliciis

194 1142 447 1227 afficeretur.
488 1140 589 1223 Non
610 1165 724 1224 enrm
743 1141 902 1244 justum
922 1165 1063 1223 vrsum
1082 1149 1159 1242 est,
1187 1139 1374 1226 domum
1389 1138 1465 1223 Dei

194 1246 393 1330 altissimi
407 1244 648 1329 temerariis
662 1241 1078 1349 praesumptionibus
1099 1245 1352 1351 expositam
1366 1268 1464 1341 esse,

193 1375 273 1435 nec
311 1350 528 1433 latronum
567 1349 699 1452 (juxta
737 1345 919 1430 verbum
949 1348 1173 1446 Veritatis)
1212 1348 1465 1455 speluncam

195 1480 301 1538 esse.
352 1453 494 1536 Locus
522 1460 589 1535 est
615 1450 787 1552 salutis,
820 1460 975 1555 portus
1001 1451 1385 1559 naufragantibus,
1416 1448 1466 1535 ad

224 1583 324 1640 uem
344 1554 399 1640 de
419 1553 751 1660 tempestatibus
771 1553 961 1639 anchora
979 1556 1143 1662 jacitm.
1185 1556 1317 1641 Hanc
1344 1554 1466 1641 bene

194 1583 294 1745 licia
319 1659 497 1766 petituri
525 1657 704 1779 adeunt,
741 1667 783 1740 et
816 1660 941 1779 justae
976 1664 1127 1745 eorum
1184 1686 1311 1746 reces
1347 1684 1466 1745 exau·

195 1764 382 1849 didntru.
435 1761 694 1868 Capitalrum
726 1766 952 1846 crimmum
982 1766 1046 1848 rei
1078 1765 1135 1850 ad
1152 1688 1280 1849 irene
1306 1764 1467 1887 fugien-
1516 1810 1519 1817 ·

195 1879 287 1997 tes,
309 1867 609 1989 impunitatem
635 1865 757 1966 sacti,
783 1866 1118 1990 implorantibus
1145 1866 1467 1993 Sacerdotibus,

195 1971 1470 2197 territandos?rotharith?balathaba

195 2181 315 2265 ribus
342 2139 801 2299 Dommooblatrones
829 2181 974 2267 cordis
990 2185 1126 2269 vestri
1153 2182 1366 2270 offeratis
1407 2183 1471 2269 De

227 2284 354 2369 uibus
381 2282 571 2367 basilicis
599 2281 694 2366 haec
719 2309 804 2367 una
832 2295 916 2388 est,
952 2288 1021 2370 cui
1057 2287 1109 2368 N.
1143 2297 1186 2373 et
1218 2286 1270 2369 N.
1306 2288 1472 2373 Summi

195 2310 428 2473 iontifices
455 2387 681 2494 privilegia
708 2393 1034 2492 concesserunt,
1070 2418 1200 2498 quam
1226 2417 1312 2477 vos
1340 2392 1472 2479 aedifi·

196 2493 286 2577 cari
311 2492 491 2592 fecistis,
528 2494 610 2595 (vel
643 2494 695 2575 N.
729 2490 936 2577 aedificari
961 2494 1079 2591 fecit)
1109 2506 1153 2581 et
1177 2495 1312 2581 nobis
1339 2496 1472 2583 humi·

195 2596 294 2681 liter
313 2594 601 2702 supplicastis,
633 2598 715 2691 (vel
741 2595 1017 2701 supplicavit)
1029 2609 1080 2684 ut
1098 2625 1193 2686 eam
1211 2606 1472 2687 consecrare

197 2700 482 2805 dignaremur.
533 2698 627 2781 Nos
659 2706 804 2780 autern
830 2702 987 2785 vestris
1024 2703 1108 2803 (vel
1133 2704 1238 2805 suis)
1273 2704 1471 2791 honestis

197 2801 586 2925 supplicationibus
614 2801 818 2904 inclinati,
846 2827 941 2888 eam
965 2806 1247 2893 inhonorem
1274 2810 1469 2917 omnipo

196 2911 327 2992 tantis
343 2908 438 3009 Dei,
464 2907 606 2991 beatae
623 2906 773 2989 Mariae
794 2931 965 3015 semper
979 2911 1060 2996 Vir
1093 2911 1101 2930 '
1136 2912 1183 3014 is,
1212 2921 1256 2997 et
1278 2914 1468 2997 omnium
1535 2952 1538 2959 ²

195 3013 472 3113 Sanctorum,
508 3035 559 3094 ac
591 3010 845 3094 memoriam
877 3015 1014 3099 sancti
1084 3014 1399 3123 .dedicamus;
1431 3024 1468 3103 et

196 3117 240 3199 in
259 3119 349 3223 ejus
367 3116 493 3200 altari
510 3114 735 3218 Reliquias
753 3119 1002 3201 sanctorum
1026 3122 1078 3203 N.
1107 3130 1152 3204 et
1171 3119 1224 3203 N.
1255 3120 1360 3207 Deo
1411 3144 1466 3207 ro
1535 3128 1538 3135 ’

195 3222 325 3328 pitio,
360 3219 465 3326 poni
499 3217 788 3318 decrevimus,
825 3227 869 3302 et
899 3220 944 3340 in
970 3222 1096 3307 altari
1122 3222 1174 3306 N.
1204 3223 1277 3309 vel
1304 3226 1353 3311 in
1379 3148 1466 3311 foco
1536 3322 1539 3327 ¹

195 3330 246 3411 N.
277 3334 378 3408 sunt
406 3327 612 3429 corpora,
638 3320 707 3404 vel
738 3321 953 3426 Reliqurae
978 3325 1236 3412 Sanctorum
1263 3328 1319 3421 N.
1352 3340 1399 3415 et
1422 3326 1463 3411 N.

196 3452 296 3617 1(ξιιω
324 3430 408 3527 (rel
438 3442 558 3532 quas)
587 3425 660 3532 qui
688 3424 848 3510 devote
874 3427 1131 3533 visitaverit,
1157 3432 1465 3538 indulgentiam

239 3599 247 3616 .
277 3557 356 3639 per
382 3534 433 3617 N.
461 3534 712 3615 concessam
736 3528 961 3616 obtinebit.
995 3535 1089 3620 Vos
1106 3540 1286 3644 insuper
1302 3541 1465 3635 moneo,

197 3637 353 3721 fratres
372 3637 592 3737 carissimi,
619 3645 667 3719 ut
689 3634 878 3720 decimas
896 3663 993 3743 quae
1012 3652 1112 3727 sunt
1130 3641 1277 3727 divina
1296 3642 1466 3739 tributa.

197 3748 364 3849 integre
397 3742 605 3827 Ecclesiis
641 3750 684 3825 et
711 3740 1019 3829 Sacerdotibus
1052 3748 1326 3854 persolvatis.
1381 3748 1464 3833 Has

198 3848 281 3934 sibi
307 3849 520 3932 Dominus
552 3846 609 3931 ad
634 3846 891 3931 universalis
919 3850 1098 3938 dominii
1132 3854 1303 3961 signum
1337 3878 1466 3943 reser-

198 3955 326 4039 vavit.
365 3953 528 4039 Audite
547 3961 745 4037 sanctum
759 3954 1068 4061 augustinum:
1093 3963 1288 4047 Decimae
1305 3964 1468 4051 tribon

198 4071 298 4145 sunt
327 4060 544 4166 egentium
570 4060 819 4143 animarum.
862 4062 990 4162 Quod
1017 4068 1054 4150 si
1074 4067 1264 4153 decimas
1284 4068 1468 4167 dederis

197 4193 285 4252 non
304 4167 446 4252 solum
464 4163 772 4250 abundantiam
788 4166 1005 4255 fructuum
1022 4175 1217 4282 recipies,
1239 4174 1322 4261 sed
1342 4177 1468 4263 ctiam

198 4275 428 4359 sanitatem
454 4273 663 4378 corporis,
691 4284 735 4358 et
761 4274 916 4357 animae
944 4282 1234 4388 consequeris
1272 4282 1383 4370 Non
1401 4282 1471 4389 igi·

197 4391 267 4465 tur
285 4381 497 4466 Dominus
515 4379 635 4462 Deus
661 4381 890 4486 praemium
911 4389 1115 4494 postulat,
1142 4388 1222 4474 sed
1248 4389 1471 4477 honorem

197 4489 316 4572 Deus
344 4489 457 4573 enim
483 4496 644 4587 noster,
672 4488 747 4592 qui
773 4487 1064 4593 dignatusest
1090 4507 1233 4582 totum
1256 4497 1379 4603 dare,
1405 4498 1471 4585 de·

198 4595 354 4679 cimam
380 4591 558 4678 anobis
586 4591 788 4699 dignatus
816 4612 884 4688 est
909 4608 1119 4710 recipere,
1146 4629 1233 4688 non
1261 4605 1372 4711 sibi,
1397 4602 1472 4693 sed
