3090 5094
597 359 647 421 De
669 361 827 423 Ecclesiae
849 360 1066 423 Dedicatione

287 776 554 881 orat-verit
603 777 647 858 in
759 775 891 858 lo-co
950 772 965 854 i
1196 780 1277 854 sto.
1344 870 1347 877 ¹

970 873 1196 959 *Exaudi
1226 887 1274 958 ut
1305 901 1449 981 supra.

210 1038 215 1048 -
268 1003 409 1083 Expieto
434 1001 570 1064 circuitu
592 998 740 1062 Pontifex
764 1001 953 1079 perveniens
974 1007 1047 1062 ante
1072 1001 1203 1081 ostium,
1224 1008 1328 1083 stans,
1354 998 1472 1064 ibidem

190 1117 305 1163 versus
330 1099 372 1161 ad
393 1096 485 1179 ilind,
509 1097 667 1177 depositis
692 1097 877 1176 aspersorio
895 1094 933 1159 'et
955 1098 1061 1178 mitra,
1086 1097 1177 1160 dicit:

267 1199 460 1281 Oremus.
496 1211 539 1273 ot
562 1211 713 1274 messa-i:
748 1195 994 1279 ii'ectomus
1021 1198 1172 1300 genua.
1213 1198 1264 1302 Ii.
1293 1195 1470 1281 Levote

192 1321 500 1512 Omnipotens
529 1324 791 1431 sempiterne
808 1326 940 1423 Deus
969 1326 1043 1430 qui
1094 1350 1140 1410 er
1157 1323 1318 1408 Filium
1335 1333 1470 1428 tuum,

289 1430 539 1535 angularem
580 1429 746 1513 scilicet
785 1428 995 1534 lopidem,
1073 1454 1152 1513 uos
1194 1454 1248 1512 ex
1292 1427 1468 1514 diverso

189 1536 431 1636 venientes
473 1560 526 1618 ex
562 1533 892 1617 circumcisione
929 1545 972 1618 et
1007 1533 1225 1639 praeputio
1265 1537 1470 1639 parietes

190 1638 388 1743 duosque
423 1663 576 1742 greges
614 1638 760 1721 ovium
796 1636 877 1721 sub
904 1662 991 1721 uno
1020 1637 1263 1742 eodemque
1289 1641 1471 1744 pastore

187 1744 335 1846 unisti3
371 1742 428 1826 da
462 1741 632 1826 fomulis
668 1742 756 1824 tuis
791 1767 870 1846 per
906 1741 1001 1825 haec
1028 1750 1192 1825 nostrae
1220 1740 1471 1825 devotionis

188 1846 331 1931 officia
358 1845 662 1930 indissolubile
689 1845 909 1929 vinculum
936 1846 1145 1946 caritatis,
1177 1852 1226 1929 ut
1255 1843 1383 1929 nulla
1413 1845 1470 1930 di·

189 1951 358 2035 visione
397 1951 628 2052 mentium,
669 1949 876 2054 nulloque
914 1950 1215 2055 perversitotis
1255 1949 1471 2034 va'rietote

189 2057 526 2159 sequestrentur,
551 2079 661 2158 quos
681 2052 762 2137 sub
778 2058 905 2137 unius
923 2055 1131 2159 regimine
1180 2051 1344 2137 astoris
1362 2079 1471 2137 unus

189 2184 296 2346 glrep
324 2158 527 2346 cpntlipet,
553 2158 849 2345 unipsquecpp
865 2158 1142 2345 pplptlodDeOop‘
1163 2159 1197 2241 's
1225 2165 1356 2263 septa
1344 2182 1470 2347 treppl-

188 2288 259 2346 cu
291 2289 379 2345 un.
456 2287 624 2345 ereum
658 2287 727 2344 em
837 2288 875 2344 rs
1066 2287 1230 2345 minum
1255 2285 1343 2345 nos
1461 2325 1469 2343 .

291 2363 342 2466 Re.
366 2366 519 2449 Amen.

266 2487 351 2549 Tum
375 2488 518 2569 acceptis
541 2489 636 2549 mitra
659 2496 689 2550 et
711 2488 829 2553 baculo
854 2489 1029 2571 pastorali,
1060 2488 1329 2570 appropinquans
1355 2489 1469 2551 iterum

189 2582 231 2643 ad
254 2585 389 2666 ostium,
418 2584 555 2665 percutit
577 2584 738 2668 secunde,
769 2603 844 2648 cum
867 2584 983 2647 eodem
1006 2584 1125 2647 baculo
1152 2585 1332 2665 pastoraii,
1362 2602 1468 2667 super·

189 2679 346 2761 liminare,
370 2680 480 2742 dicens
502 2680 601 2742 simili
623 2698 715 2759 roco,
737 2690 774 2744 ut
795 2682 902 2762 prius:

187 2774 414 2966 Attollite
458 2789 609 2885 portas
653 2779 873 2901 principes
916 2788 1104 2883 vestras,
1150 2790 1193 2864 et
1236 2779 1468 2866 elevemini

281 2895 424 2991 portae
451 2884 690 2985 aeternoles
719 2895 762 2969 et
787 2882 988 2968 mtroibit
1013 2885 1111 2968 Rex
1135 2883 1300 2990 gloriae

265 3007 436 3073 Diaconus
459 3010 546 3074 intus
571 3011 744 3093 exsistens,
769 3010 858 3074 dicit:

265 3109 370 3209 Quis
398 3118 465 3195 est
491 3110 576 3194 iste
602 3112 700 3194 Rex
726 3108 899 3214 gloriae?

264 3235 418 3299 Pontifex
441 3236 631 3318 respondet:

264 3335 478 3417 Dominus
513 3336 660 3434 fortis,
697 3344 740 3418 et
774 3342 947 3440 potens:
983 3334 1196 3417 Dominus
1230 3343 1398 3440 potens
1429 3334 1470 3419 in

188 3436 352 3544 praelio,

266 3573 407 3655 Deinde,
429 3572 577 3654 deposito
600 3573 717 3637 baculo
740 3576 898 3656 pastorali
922 3582 952 3636 ct
976 3581 1107 3654 accepto
1132 3571 1332 3655 aspersorio,
1356 3573 1470 3636 circuit

186 3668 281 3730 tertio
299 3669 480 3733 Ecclesiam
501 3689 575 3733 curn
595 3672 681 3734 clero
702 3679 732 3732 et
750 3672 882 3753 populo,
903 3671 1058 3751 incipiens
1079 3669 1120 3732 ad
1140 3669 1307 3730 sinistram
1323 3686 1469 3747 manum,

185 3764 398 3844 proceditque
422 3784 599 3849 aspergens
623 3767 768 3830 exterius
792 3785 863 3829 cunr
891 3766 1004 3828 cadem
1028 3784 1113 3845 aqua
1136 3763 1278 3845 parietes
1301 3764 1334 3826 in
1360 3766 1469 3829 media

185 3872 277 3940 parte
300 3873 432 3945 eorum,
460 3862 494 3924 id
517 3873 583 3946 est,
612 3863 700 3925 circa
723 3864 924 3926 altitudinem
946 3861 1041 3924 facici
1065 3879 1151 3942 suae,
1179 3868 1209 3921 et
1232 3862 1469 3941 coemeterium,

186 3956 298 4019 dicens
320 3975 464 4039 semper:

262 4058 317 4140 In
349 4057 523 4140 nomine
548 4058 612 4141 Pa
638 4059 678 4140 ›1‹
705 4057 801 4159 triS,
838 4065 881 4140 et
906 4056 958 4138 Fi
979 4057 1019 4138 ›1‹
1047 4057 1111 4158 lii,
1142 4066 1185 4140 et
1211 4056 1405 4161 Spiritus
1433 4062 1469 4141 ›1‹

189 4161 338 4245 sancti.

262 4286 397 4349 Interim
420 4287 532 4350 schola
556 4295 663 4351 cantat
685 4285 962 4367 Responsorium:
1233 4315 1308 4370 Mod.
1327 4316 1365 4371 Π.

258 4610 329 4695 Tu
371 4616 605 4699 Domi-ne
634 4615 902 4698 uni-verso
972 4660 986 4676 ·
1050 4639 1157 4722 rum,
1185 4616 1259 4722 qui
1283 4615 1471 4702 nul-lam
