3090 5094
523 348 580 392 seu
603 327 872 392 Consecratione.
1297 332 1339 398 69

124 500 171 583 Μ
201 500 322 602 rrha,
355 510 400 584 et
427 510 572 604 gutta,
606 510 650 585 et
677 500 796 584 casia
823 526 849 583 a
876 500 1147 583 vestimentis
1174 500 1282 596 tuis,
1314 526 1340 584 a

77 528 253 724 omissus
273 603 493 688 ebomeis:
515 605 537 656 *
562 628 617 688 ex
636 602 796 708 quibus
814 601 1145 687 delectaverunt
1167 612 1212 688 te
1235 604 1339 703 liliae

78 732 200 811 egum
220 734 271 809 m
298 706 468 797 honore
495 716 585 791 tue.

124 808 282 894 Astitit
307 815 458 915 regina
484 836 510 894 a
538 809 706 895 dextris
733 810 822 894 tuis
850 810 895 893 in
921 814 1085 895 vestitu
1112 808 1340 894 deauroto:

95 912 367 998 circomdata
392 914 616 999 varietate.
1162 920 1164 923 ’

124 1015 244 1099 Audi
271 1017 381 1117 iilia,
410 1027 454 1102 et
481 1016 602 1118 vide,
631 1027 675 1101 et
702 1016 863 1102 inclina
890 1041 1041 1101 aurem
1066 1026 1206 1100 tuam:
1238 1017 1261 1069 *
1296 1026 1341 1100 et

78 1119 310 1204 bliviscere
338 1121 552 1227 populum
579 1130 715 1222 tuum,
744 1131 788 1206 et
816 1119 996 1204 domum
1021 1120 1162 1226 patris
1189 1118 1264 1203 tui.

122 1224 182 1306 Et
217 1229 500 1329 concupiscet
534 1248 613 1307 rex
648 1223 855 1308 decorem
888 1233 1030 1307 tuum:
1070 1225 1092 1274 *
1133 1222 1340 1326 quoniam

78 1350 145 1409 >se
172 1335 240 1410 est
266 1326 482 1410 Dominus
508 1328 631 1411 Deus
658 1337 772 1429 tuus,
799 1336 844 1412 et
871 1324 1119 1411 adorobunt
1147 1350 1256 1409 eum.

125 1430 184 1512 Et
217 1429 321 1538 ffliae
348 1430 456 1535 Tyri
491 1430 535 1512 in
571 1429 825 1515 muneribus
859 1432 881 1483 *
916 1431 1086 1513 vultum
1116 1439 1240 1514 tuum
1268 1426 1339 1513 de·

77 1531 363 1617 recabontur:
391 1557 545 1617 omnes
573 1533 733 1618 divites
760 1533 915 1640 plebis.

124 1636 279 1720 Omnis
305 1637 446 1738 gloria
474 1639 565 1742 ejus
593 1636 697 1721 filiae
725 1637 842 1738 regis
870 1634 925 1720 ab
951 1636 1089 1735 intus,
1122 1636 1145 1688 *
1176 1635 1222 1718 in
1247 1634 1340 1718 fim-

78 1738 155 1821 riis
182 1740 327 1824 aoreis
356 1742 682 1824 circumamicta
709 1737 1009 1824 varietdtibus.

124 1840 414 1928 Adducentur
448 1844 541 1964 regi
575 1844 767 1957 virgines
798 1851 903 1949 post
931 1866 1045 1925 eam:
1072 1841 1094 1892 *
1125 1840 1340 1946 proximae

78 1946 140 2042 jus
168 1944 402 2029 afferentur
430 1946 523 2030 tibi.

124 2046 377 2131 offerentur
410 2050 455 2131 in
486 2049 641 2133 laetitia
668 2057 713 2132 et
741 2046 1052 2133 exsultatione:
1076 2046 1097 2097 *⁶
1124 2043 1341 2128 adducen-

78 2175 118 2233 rr
150 2150 195 2232 in
222 2153 437 2258 templum
464 2152 592 2273 regis.

124 2254 213 2338 Pro
240 2254 443 2360 patribus
469 2265 558 2339 turs
584 2255 677 2339 nati
697 2264 798 2340 sunt
822 2254 906 2339 tibi
924 2252 1022 2335 filii:
1049 2252 1071 2303 *
1099 2253 1341 2335 constitues

78 2381 125 2438 os
180 2358 371 2464 rincipes
399 2383 532 2466 super
556 2382 732 2442 omnem
754 2369 928 2443 terram.

173 2463 344 2545 emeres
383 2471 510 2546 erunt
544 2462 734 2546 nominis
767 2464 851 2547 tui:
887 2463 909 2514 *
944 2463 989 2546 in
1018 2461 1139 2544 omni
1163 2481 1341 2560 genera·

78 2566 169 2646 ‚one
195 2572 240 2647 et
263 2565 603 2667 generationem.

122 2665 367 2772 Propterea
393 2667 549 2774 populi
576 2668 902 2754 confitebdntnr
929 2667 1012 2754 tibi
1038 2667 1083 2750 in
1111 2667 1342 2748 aetornum:

91 2769 209 2853 etin
233 2769 444 2855 saeculum
466 2772 628 2855 sa'eculi.

129 2901 172 2961 Et
197 2917 262 2961 non
287 2901 406 2964 dicitur
427 2905 546 2973 Gloria
567 2907 667 2972 Patri.

130 3031 266 3111 lncepta
288 3030 492 3112 Antiphone,
517 3028 686 3105 Pontifex,
711 3037 846 3107 accepta
868 3028 979 3106 mitra,
1009 3027 1127 3087 iterum
1151 3024 1229 3085 facit
1252 3024 1343 3101 quin-

78 3145 114 3187 re
147 3144 262 3188 cruces
296 3126 336 3187 de
367 3133 482 3187 saneto
512 3123 699 3187 Chrisnrate
732 3141 807 3183 cum
836 3122 958 3202 pollice
988 3120 1133 3183 dexterae
1162 3134 1281 3178 manus
1311 3118 1342 3176 in

83 3221 162 3282 edio
185 3222 307 3282 tabulae
330 3222 458 3301 altaris,
483 3221 570 3281 etin
593 3229 735 3299 quatuor
759 3218 829 3297 ejus
854 3218 998 3295 angulis,
1022 3215 1138 3276 ordine
1161 3230 1263 3292 supra
1286 3228 1342 3292 po-

80 3325 127 3395 to,
151 3314 193 3377 ad
216 3314 396 3394 quamlibet
420 3332 553 3376 crucem
577 3312 704 3375 dicens:

78 3424 271 3545 tanede
286 3423 462 3545 ficotur,
482 3433 527 3509 et
550 3429 738 3509 conse›l⁴
753 3426 900 3545 eretur
925 3422 1038 3551 lapis
1062 3421 1158 3505 iste.
1194 3419 1247 3502 In
1269 3421 1345 3540 no·

78 3503 242 3611 >mine
274 3526 339 3609 Pa
357 3532 508 3629 ›l‹tr1s,
546 3535 590 3610 et
616 3527 800 3626 From,
837 3535 881 3609 et
907 3526 1096 3630 Spmtus
1126 3533 1165 3611 »p
1194 3531 1346 3623 sancti,

78 3656 95 3711 1
123 3628 339 3713 honorem
364 3630 465 3731 Dei,
494 3641 538 3716 et
565 3628 773 3733 gloriosae
791 3628 988 3733 Virginis
1015 3628 1184 3728 Mariae,
1211 3635 1345 3730 atque

78 3731 248 3920 {nnilpm
270 3730 541 3918 {assctomm
561 3731 618 3817 ad
644 3756 817 3834 nomen,
845 3741 889 3816 et
915 3730 1173 3815 memoriam
1195 3727 1345 3812 Sancti

97 3904 104 3918 .
197 3860 253 3917 ax
299 3863 315 3916 1
347 3863 372 3917 1.

134 3973 262 4035 Deinde
291 3975 465 4054 Pontifex,
503 3986 640 4057 accepto
676 3975 844 4038 thuribulo
880 3993 899 4035 a
932 3972 1112 4036 Sacerdote
1146 3975 1345 4043 incensante,

78 4069 226 4146 oposito,
250 4078 281 4130 ct
304 4069 489 4148 benedictn,
512 4084 547 4134 ut
569 4073 672 4153 prius,
696 4072 845 4148 incenso,
871 4077 962 4131 stans
987 4086 1062 4135 cum
1085 4069 1181 4129 mitra
1204 4064 1346 4143 inchoat,

78 4164 170 4224 :hola
193 4175 427 4247 prosequente,
450 4166 729 4248 Responsorimn:
1062 4243 1160 4295 Modus
1178 4240 1235 4292 vll

78 4340 418 4352 ———
830 4338 920 4348 —-

78 4550 484 4656 ‚Di-ri-ga-tur
528 4553 551 4605 *
595 4557 708 4646 oera
768 4594 784 4610 ·
844 4549 1099 4637 ti·0me·
1143 4591 1158 4606 ·
1195 4571 1222 4630 a
