3090 5094
188 344 228 409 12
345 349 396 410 De
419 349 650 413 Benedictione
674 360 704 413 et
723 352 940 434 ¹Impositionc
964 354 1110 434 primarii
1135 354 1253 435 lapidis

181 514 448 703 bonlbrbbtier
484 514 664 600 domum
698 516 876 599 Domini
910 517 994 601 Dei
1028 518 1189 619 nostri,
1226 520 1248 570 *
1286 516 1475 622 quaesr'vi

263 730 416 816 Gloria
441 734 573 817 Patri.
625 735 746 819 Sicut
777 744 882 836 erat,
911 744 991 820 etc.

256 884 298 946 Et
325 885 480 965 repetitur
501 884 700 963 ilntipltonu.
750 883 880 946 [nterim
902 884 1056 947 Pontifex
1084 884 1292 967 aspergendo
1315 887 1471 966 procedit

176 1000 236 1062 pcr
268 980 414 1043 ultimam
445 982 571 1043 tertiam
601 988 728 1060 partem
758 978 1048 1044 fundamentorum
1080 991 1285 1063 apertorum,
1320 999 1383 1045 scu
1415 983 1467 1044 de-

177 1080 399 1159 signatorum,
431 1086 597 1140 revertens
630 1076 673 1138 ad
704 1079 831 1159 locuni,
863 1077 896 1139 in
926 1094 992 1157 quo
1022 1078 1166 1159 lapidem
1196 1079 1375 1160 imposuit:
1411 1078 1466 1141 ubi

178 1173 315 1254 repetita
334 1172 534 1254 Antiphone,
557 1181 659 1255 stans,
683 1171 834 1253 deposita
858 1174 963 1255 mitra,
988 1173 1079 1238 dicit:

267 1274 465 1361 Oromus.
502 1301 545 1364 nt
565 1303 719 1366 ministri:
741 1275 993 1362 Flectamus
1020 1277 1172 1380 gonua.
1206 1284 1257 1387 Io.
1293 1272 1470 1357 Levate.

176 1407 348 1598 Deus,
388 1405 463 1509 qui
503 1428 557 1488 ex
597 1404 790 1488 omnium
830 1402 1156 1489 cohabitatione
1196 1403 1469 1504 Sanctorum,

276 1511 485 1591 aeternum
518 1510 733 1615 majestati
765 1518 853 1593 tuae
882 1509 1034 1594 condis
1061 1507 1379 1594 habitaculum:
1414 1506 1469 1593 da

183 1608 463 1696 aedificationi
499 1621 587 1696 tuae
622 1614 891 1698 incrementa
927 1614 1144 1718 coelostia3
1180 1621 1229 1696 ut
1267 1611 1389 1717 quod
1426 1622 1468 1696 te

181 1713 355 1820 jubente
380 1716 597 1819 fundatur,
622 1725 667 1801 te
694 1717 905 1823 largiente
965 1719 1194 1803 erficiotur.
1233 1718 1317 1801 Per
1346 1715 1467 1801 Chri·

181 1829 298 1904 stum
323 1821 562 1931 Dominum
587 1831 799 1911 nostrum.
842 1829 892 1931 ll.
970 1849 1081 1907 men
1509 1870 1512 1875 ·

253 1990 494 2071 Subsequentcr
512 1992 666 2056 Pontifex
691 1991 814 2054 ibidem
839 1999 930 2054 stans
954 1992 1025 2053 sine
1048 1991 1155 2072 mitra,
1178 1990 1322 2070 inchoat,
1346 1992 1464 2055 schola

174 2096 402 2169 prosequente,
424 2089 605 2169 Hymnum:
1185 2136 1260 2189 Mod·
1278 2134 1357 2189 vm

1171 2233 1471 2245 ———-—-

406 2282 518 2290 —
1241 2280 1470 2293 ——ss

1241 2327 1470 2338 *—

252 2448 388 2534 Veni
433 2448 685 2533 Cre-otor
728 2447 981 2554 Spi-ritus,

486 2602 657 2687 Mentes
683 2606 861 2687 tuorum
881 2603 1020 2702 visita,

486 2707 628 2814 Imple
656 2710 844 2814 superna
870 2708 1020 2810 grotia,

488 2812 597 2913 Quae
623 2821 673 2895 tu
700 2812 860 2895 creasti
886 2813 1079 2917 pectora.

436 2951 521 3054 Qui
543 2949 702 3036 diceris
728 2949 983 3049 Paraclitus,

486 3054 702 3139 Alttssimi
731 3054 896 3138 donum
922 3053 1017 3154 Dei,

485 3159 602 3242 Fons
631 3161 766 3258 vivus,
793 3159 917 3263 ignis,
946 3159 1116 3258 coritas,

485 3262 542 3346 Et
572 3262 782 3369 spiritalis
808 3262 968 3346 unctio,

435 3404 504 3485 Tu
532 3402 799 3524 septiformis
827 3409 1017 3503 monere,

484 3507 659 3611 Digitus
688 3507 890 3590 Paternae
918 3505 1124 3606 dexterae,

485 3611 554 3693 Tu
580 3611 664 3695 rite
691 3615 956 3718 promissum
982 3610 1137 3711 Patris,

485 3714 695 3799 Sermone
721 3714 865 3799 ditans
894 3721 1080 3819 guttura.

432 3853 643 3938 Ascende
669 3854 817 3938 lumen
844 3853 1062 3937 sensibus:

485 3957 672 4042 Infunde
700 3961 895 4041 amorem
923 3955 1147 4042 cordibus:

484 4061 665 4145 Infirma
690 4063 831 4146 nostri
860 4063 1059 4166 corporis

484 4165 660 4250 Virtote
687 4166 866 4250 firmans
893 4168 1076 4272 perpeti.

433 4308 626 4388 Hostem
653 4305 841 4412 repellas
868 4304 1052 4409 longius,

484 4409 732 4515 Pacemque
759 4409 897 4493 dones
924 4410 1142 4515 protinus:

483 4514 680 4598 Ductore
708 4514 770 4597 sic
797 4524 842 4598 te
868 4515 1037 4619 pra'evio

484 4619 688 4703 Vitemus
715 4644 844 4702 omne
872 4619 1062 4702 noxium.
