3090 5094
129 566 732 654 νέξ-Ἧ-

127 699 200 780 Pe.
213 700 280 781 45.
307 700 431 781 Deus
458 698 620 773 noster.

636 868 791 932 Psalmus
814 872 865 932 45.

101 965 253 1157 Deus
278 970 431 1045 noster
458 960 694 1065 refigium,
728 969 772 1043 et
799 959 957 1042 virtus:
992 959 1015 1011 *
1048 958 1225 1066 'adjtitor
1251 960 1296 1041 in
1323 959 1397 1043 tri·
1515 996 1522 1005 ·

200 1061 511 1165 bulatibnibuS,
540 1089 639 1169 quae
666 1063 926 1148 invenerunt
952 1086 1035 1145 nos
1061 1062 1201 1144 nimis.

181 1165 425 1273 Ptopterea
455 1193 545 1253 non
571 1166 823 1251 timebimus
851 1164 956 1251 dum
985 1163 1235 1250 turbtbitur
1261 1175 1398 1249 terra:

107 1268 130 1320 *
158 1277 204 1354 et
228 1269 546 1355 transferentur
573 1278 747 1353 montes
773 1271 819 1352 in
845 1293 924 1353 cor
950 1268 1095 1352 maris.

183 1370 449 1476 Sonuerunt‚
477 1383 523 1458 et
549 1372 739 1458 turbitae
766 1382 868 1457 sunt
895 1396 1023 1477 aquae
1051 1376 1222 1456 eorum:
1248 1373 1270 1424 *
1296 1396 1396 1456 con-

102 1474 272 1560 turbati
298 1486 400 1561 sunt
424 1486 600 1562 montes
628 1477 673 1559 in
698 1475 958 1560 fortittidine
986 1477 1087 1581 ejus,

181 1579 394 1664 Fhiminis
420 1585 612 1688 impetus
639 1579 835 1664 laetificat
863 1579 1087 1663 civitatem
1111 1579 1215 1663 Dei:
1247 1579 1270 1631 *
1301 1603 1396 1661 san·

103 1681 318 1767 ctificavit
343 1682 675 1768 tabernaculum
701 1709 828 1766 suum
854 1681 1119 1766 Altissimue

182 1785 304 1870 Deus
331 1787 376 1870 in
401 1787 550 1872 medio
579 1789 681 1892 ejus,
708 1811 797 1869 non
825 1782 1193 1869 commovebitur:
1224 1784 1247 1836 *
1279 1782 1396 1890 adju-

102 1887 228 1974 vabit
255 1914 352 1974 eam
379 1890 501 1974 Deus
527 1915 656 1973 mane
684 1887 889 1972 diliculo.
1258 1933 1262 1941 ·

182 1991 468 2078 Conturbttae
492 2002 594 2077 sunt
611 1993 788 2093 GenteS,
817 2000 861 2075 et
887 1989 1094 2074 inclinita
1120 1999 1222 2075 sunt
1245 2016 1395 2095 regna:

102 2098 126 2148 *
153 2093 279 2179 dedit
305 2122 462 2182 vocem
489 2121 624 2198 suam,
651 2105 773 2180 mota
799 2103 867 2179 est
893 2103 1023 2178 terra.

101 2301 144 2383 D
181 2199 398 2388 Βόῗιίῃιξ
426 2201 639 2285 virttitum
664 2198 914 2284 nobiscum:
941 2198 963 2249 *
992 2200 1225 2304 susceptor
1245 2205 1397 2281 noster

147 2325 225 2389 eus
277 2328 358 2388 aco
391 2367 401 2386 .
1082 2368 1085 2374 .

180 2405 353 2507 Venite,
364 2416 409 2492 et
417 2406 567 2491 videte
576 2405 908 2513 ‹iperanmini
916 2431 1016 2509 quae
1063 2405 1181 2487 osuit
1194 2402 1397 2511 prodigia

102 2532 238 2614 super
253 2518 435 2596 terram:
454 2511 476 2562 *
493 2509 694 2594 anferens
708 2508 826 2593 bella
843 2532 983 2613 usque
1002 2431 1060 2593 ag
1077 2507 1210 2591 finem
1227 2516 1370 2591 terrae.

180 2611 347 2697 Arcum
374 2617 592 2714 conteret,
621 2620 666 2696 et
692 2613 937 2716 confringet
964 2636 1102 2696 arma:
1135 2612 1158 2664 *
1193 2619 1238 2696 et
1270 2619 1396 2694 scuta

99 2713 333 2799 combiiret
359 2716 459 2820 igni.

178 2817 363 2922 Vactte,
392 2828 436 2903 et
463 2818 612 2904 videte
637 2818 848 2924 quoniam
875 2842 957 2920 ego
986 2844 1083 2900 sum
1109 2817 1247 2900 Deus:
1274 2817 1296 2868 *
1324 2840 1395 2900 ex·

91 2918 276 3030 ‚altAbor
302 2921 349 3003 in
373 2921 602 3023 Gentibus,
631 2931 675 3006 et
702 2920 931 3004 exaltabor
958 2921 1003 3001 in
1030 2929 1158 3004 terra.

94 3098 154 3210 D*
180 3022 397 3214 Βόὲῃίηιιξ
425 3025 637 3110 virtiitum
663 3023 913 3109 nobiscum:
936 3024 959 3076 *
984 3026 1215 3128 susceptor
1241 3030 1395 3105 noster

145 3152 224 3212 eus
276 3153 358 3213 aco
391 3191 400 3211 .

182 3259 225 3322 Et
246 3276 315 3323 non
339 3258 458 3323 dicitur
482 3251 600 3318 Gltfia
621 3252 722 3319 Patri

166 3386 302 3451 Interim
326 3388 404 3450 dum
425 3385 625 3468 Antiphona,
649 3398 680 3448 et
696 3387 850 3449 Psalmus
872 3388 1020 3467 praedieti
1043 3387 1204 3464 dicuntur,
1228 3389 1394 3462 Pontifex,

96 3492 240 3565 accepta
271 3485 385 3562 mitra,
418 3482 542 3560 fundit,
576 3489 607 3542 et
639 3485 765 3563 spargit
801 3483 841 3544 de
877 3483 952 3544 oleo
986 3480 1325 3559 Catechumenorum,
1364 3498 1394 3547 et

97 3576 289 3641 Chrismate
311 3579 433 3657 pariter
457 3595 556 3657 super
580 3577 693 3657 altare,
716 3578 799 3639 illud
823 3596 922 3640 manu
943 3578 1078 3639 dextera
1102 3580 1297 3660 confricans,
1322 3583 1393 3642 lini-

98 3689 171 3750 ens,
194 3680 225 3734 et
246 3689 445 3753 perungens
492 3670 567 3748 Quo
599 3672 703 3747 facto,
733 3673 864 3752 incipit,
894 3674 1010 3735 schola
1033 3685 1269 3755 prosequente,
1300 3676 1393 3737 Anti-

99 3767 264 3848 phonam:

1023 3850 1119 3903 Tonus
1132 3850 1153 3903 Ι.
1192 3851 1251 3903 Pin.
1265 3853 1290 3904 3.

188 4170 308 4248 Ecce
353 4158 466 4243 odor
490 4159 674 4241 fi'·li·i
700 4181 772 4241 me
798 4202 813 4218 ·
835 4158 900 4259 i‚*
923 4157 1055 4242 sic-ut
1095 4156 1208 4242 odor
1241 4156 1334 4259 agri

139 4387 762 4427 .-.—
786 4389 852 4427 Ι·
876 4388 1139 4427 ..ι-ι..-
1212 4386 1257 4424 -

125 4432 1139 4476 effluam—-

156 4542 314 4649 ple-ni,
340 4567 397 4627 cu
423 4589 438 4604 -
465 4544 481 4627 i
517 4542 1295 4631 be·ne·d1‘·xitD6-minus:cresce-re
